439.370 666.142
53.8582 34.4195 14.5484 7.4351 Adv
71.2629 34.4195 22.1359 7.4351 Polym
96.2077 34.4195 10.8393 7.4351 Sci
109.870 34.4195 22.5762 7.4351 (2016)
135.268 34.4195 15.0819 7.4351 271:
153.184 34.4195 16.9364 7.4351 1–52

53.8582 42.9233 17.3598 7.4351 DOI:
74.0413 42.9233 76.5390 7.4351 10.1007/12_2015_319

53.8582 50.9088 6.3511 8.4682 ©
63.0428 52.3907 29.1814 7.4351 Springer
95.0746 52.3907 43.4503 7.4351 International
141.393 52.3907 36.2439 7.4351 Publishing
180.454 52.3907 40.5373 7.4351 Switzerland
223.881 52.3907 16.9364 7.4351 2015

53.8582 61.8582 33.4155 7.4351 Published
90.1419 61.8582 23.6263 7.4351 online:
116.561 61.8582 8.4682 7.4351 10
127.899 61.8582 36.3116 7.4351 September
167.074 61.8582 16.9364 7.4351 2015

53.8582 126.517 67.3478 14.2506 Cellulose:
125.631 126.517 65.5146 14.2506 Structure
195.647 126.517 25.5682 14.2506 and
225.637 126.517 70.9822 14.2506 Properties

53.8582 166.352 34.2315 8.9066 Thomas
90.9350 166.352 29.5421 8.9066 Heinze

53.8582 229.677 37.1057 8.9066 Abstract
96.9445 229.757 40.3296 8.7472 Cellulose,
142.581 229.757 4.4533 8.7472 a
152.332 229.757 43.9530 8.7472 fascinating
201.598 229.757 46.1229 8.7472 biopolymer
253.075 229.757 14.4159 8.7472 and
272.804 229.757 12.2341 8.7472 the
290.379 229.757 19.4669 8.7472 most
315.097 229.757 35.0345 8.7472 common
355.462 229.757 29.9675 8.7472 organic

53.8582 241.719 42.2125 8.7472 compound
98.8712 241.719 9.9626 8.7472 on
111.684 241.719 22.4956 8.7472 earth,
137.026 241.719 6.6351 8.7472 is
146.493 241.719 68.4192 8.7472 comprehensively
217.698 241.719 39.1939 8.7472 reviewed.
259.706 241.719 28.2938 8.7472 Details
290.887 241.719 8.2988 8.7472 of
301.998 241.719 9.4346 8.7472 its
314.300 241.719 41.7702 8.7472 crystalline
358.860 241.719 26.6121 8.7472 phases

53.8582 253.681 12.2241 8.7472 are
69.2783 253.681 24.7521 8.7472 given,
97.2284 253.681 29.9675 8.7472 starting
130.449 253.681 17.7334 8.7472 with
151.425 253.681 4.4533 8.7472 a
159.079 253.681 44.4750 8.7472 description
206.758 253.681 8.2988 8.7472 of
218.267 253.681 40.0198 8.7472 molecular
261.579 253.681 14.4159 8.7472 and
279.211 253.681 61.6695 8.7472 supramolecular
344.123 253.681 41.3587 8.7472 structures,

53.8582 265.643 37.8549 8.7472 including
95.1870 265.643 12.2341 8.7472 the
110.891 265.643 37.7383 8.7472 hydrogen
152.106 265.643 19.9252 8.7472 bond
175.577 265.643 34.0123 8.7472 systems.
213.107 265.643 31.5854 8.7472 Sources
248.199 265.643 8.2988 8.7472 of
259.991 265.643 14.4159 8.7472 this
277.906 265.643 42.1876 8.7472 ubiquitous
323.600 265.643 46.1229 8.7472 biopolymer
373.263 265.643 12.2241 8.7472 are

53.8582 277.605 44.7988 8.7472 mentioned,
104.087 277.605 17.7334 8.7472 with
127.217 277.605 35.1550 8.7472 attention
167.752 277.605 7.7808 8.7472 to
180.962 277.605 12.2341 8.7472 the
198.593 277.605 27.7757 8.7472 special
231.871 277.605 39.9959 8.7472 properties
277.282 277.605 8.2988 8.7472 of
291.001 277.605 42.4198 8.7472 bacterially
338.793 277.605 46.6250 8.7472 synthesized

53.8582 289.567 47.0763 8.7472 nanoﬁbrous
103.464 289.567 38.1538 8.7472 cellulose.
144.168 289.567 60.4291 8.7472 Nanostructures
207.210 289.567 34.4307 8.7472 obtained
244.230 289.567 9.9626 8.7472 by
256.702 289.567 55.0473 8.7472 disintegration
314.359 289.567 8.2988 8.7472 of
325.187 289.567 35.5565 8.7472 cellulose
363.341 289.567 22.1508 8.7472 ﬁbers

53.8582 301.472 41.6048 8.7472 (top-down
100.176 301.472 39.9959 8.7472 approach)
144.963 301.472 32.7770 8.7472 yielding
182.550 301.472 22.7147 8.7472 nano-
210.045 301.472 8.2988 8.7472 or
223.141 301.472 62.3111 8.7472 microﬁbrillated
290.265 301.472 35.5565 8.7472 cellulose
330.630 301.472 14.4159 8.7472 and
349.849 301.472 35.5565 8.7472 cellulose

53.8582 313.435 35.4429 8.7472 whiskers
91.7858 313.435 12.2241 8.7472 are
106.525 313.435 12.2341 8.7472 the
121.321 313.435 19.9053 8.7472 basis
143.714 313.435 11.6164 8.7472 for
157.887 313.435 22.1967 8.7472 novel
182.605 313.435 36.7949 8.7472 materials
221.893 313.435 17.7334 8.7472 with
242.132 313.435 53.9923 8.7472 extraordinary
298.597 313.435 42.4865 8.7472 properties.
343.611 313.435 41.8917 8.7472 Moreover,

53.8582 325.397 41.5650 8.7472 nanoﬁbers
100.345 325.397 14.4159 8.7472 and
119.678 325.397 53.3547 8.7472 nanoparticles
178.070 325.397 13.8879 8.7472 can
196.893 325.397 9.4346 8.7472 be
211.236 325.397 21.7444 8.7472 made
237.881 325.397 9.9626 8.7472 by
252.791 325.397 27.7757 8.7472 special
285.559 325.397 42.7196 8.7472 techniques
333.294 325.397 34.9588 8.7472 applying
373.205 325.397 12.2341 8.7472 the

53.8582 337.359 41.6825 8.7472 bottom-up
98.8712 337.359 39.1690 8.7472 approach.
141.447 337.359 34.4208 8.7472 Efﬁcient
179.261 337.359 31.6034 8.7472 systems
214.240 337.359 7.7808 8.7472 to
225.351 337.359 32.7431 8.7472 dissolve
261.408 337.359 35.6422 8.7472 cellulose
300.411 337.359 9.9626 8.7472 by
313.734 337.359 44.4711 8.7472 destruction
361.583 337.359 8.2988 8.7472 of
373.261 337.359 12.2341 8.7472 the

53.8582 349.321 37.7244 8.7472 hydrogen
95.8107 349.321 19.9252 8.7472 bond
119.962 349.321 31.6143 8.7472 systems
155.734 349.321 21.6487 8.7472 using
181.586 349.321 20.0149 8.7472 ionic
205.850 349.321 27.1780 8.7472 liquids
237.257 349.321 14.4159 8.7472 and
255.909 349.321 31.6143 8.7472 systems
291.739 349.321 22.7048 8.7472 based
318.668 349.321 9.9626 8.7472 on
332.840 349.321 20.6086 8.7472 polar
357.615 349.321 27.8883 8.7472 aprotic

53.8582 361.283 28.8318 8.7472 solvent
84.8120 361.283 14.4159 8.7472 and
101.252 361.283 13.9676 8.7472 salt
117.239 361.283 12.2241 8.7472 are
131.525 361.283 40.8377 8.7472 described.
174.441 361.283 24.3685 8.7472 Novel
200.917 361.283 35.5565 8.7472 cellulose
238.560 361.283 43.9510 8.7472 derivatives
284.595 361.283 12.2241 8.7472 are
298.881 361.283 36.2718 8.7472 available
337.205 361.283 9.9626 8.7472 by
349.224 361.283 36.2788 8.7472 chemical

53.8582 373.245 50.5971 8.7472 modiﬁcation
108.055 373.245 22.7147 8.7472 under
134.361 373.245 57.7472 8.7472 heterogeneous
195.758 373.245 8.2988 8.7472 or
207.607 373.245 55.5395 8.7472 homogeneous
266.681 373.245 44.1682 8.7472 conditions,
314.472 373.245 41.5939 8.7472 depending
359.713 373.245 9.9626 8.7472 on
373.262 373.245 12.2341 8.7472 the

53.8582 385.207 35.5565 8.7472 cellulose
92.6356 385.207 40.4322 8.7472 reactivity.
136.232 385.207 8.2988 8.7472 In
147.684 385.207 40.9572 8.7472 particular,
191.790 385.207 61.6974 8.7472 unconventional
256.645 385.207 49.5400 8.7472 nucleophilic
309.370 385.207 52.8416 8.7472 displacement
365.438 385.207 19.9949 8.7472 reac-

53.8582 397.112 19.3972 8.7472 tions
76.8748 397.112 32.7770 8.7472 yielding
113.271 397.112 34.4138 8.7472 products
151.254 397.112 11.6164 8.7472 for
166.504 397.112 42.7296 8.7472 high-value
212.878 397.112 48.3943 8.7472 applications
264.921 397.112 12.2241 8.7472 are
280.739 397.112 48.1014 8.7472 highlighted.
332.443 397.112 24.4562 8.7472 Novel
360.449 397.112 24.9962 8.7472 amino

53.8582 409.075 35.5565 8.7472 cellulose
92.1255 409.075 43.9480 8.7472 derivatives
138.669 409.075 33.7951 8.7472 showing
175.066 409.075 18.9489 8.7472 fully
196.609 409.075 39.4888 8.7472 reversible
238.731 409.075 47.1829 8.7472 aggregation
288.619 409.075 34.9488 8.7472 behavior
326.263 409.075 14.4159 8.7472 and
343.271 409.075 42.2046 8.7472 nanostruc-

53.8582 421.037 15.5516 8.7472 ture
72.2830 421.037 39.4987 8.7472 formation
114.632 421.037 9.9626 8.7472 on
127.388 421.037 29.4455 8.7472 various
159.646 421.037 36.7919 8.7472 materials
199.274 421.037 12.2241 8.7472 are
214.354 421.037 12.2341 8.7472 the
229.491 421.037 21.5690 8.7472 focus
253.926 421.037 8.2988 8.7472 of
265.037 421.037 32.0298 8.7472 interest.
299.903 421.037 30.8861 8.7472 Finally,
333.635 421.037 23.9401 8.7472 “click
360.451 421.037 24.9862 8.7472 chem-

53.8582 432.999 22.1867 8.7472 istry”
78.9161 432.999 11.6164 8.7472 for
93.3161 432.999 12.2341 8.7472 the
108.396 432.999 36.6036 8.7472 synthesis
147.797 432.999 8.2988 8.7472 of
158.908 432.999 22.1967 8.7472 novel
183.910 432.999 35.6422 8.7472 cellulose
222.403 432.999 43.9480 8.7472 derivatives
269.173 432.999 6.6351 8.7472 is
278.584 432.999 40.7430 8.7472 discussed.

53.8582 456.843 43.2367 8.9066 Keywords
103.067 456.923 27.7857 8.7472 Amino
133.057 456.923 35.5565 8.7472 cellulose
170.871 456.046 2.6899 9.9626 Á
175.804 456.923 37.7383 8.7472 Cellulose
215.829 456.046 2.6899 9.9626 Á
220.704 456.923 64.9024 8.7472 Nanostructuring
287.885 456.046 2.6899 9.9626 Á
292.761 456.923 41.2860 8.7472 Reactivity
336.245 456.046 2.6899 9.9626 Á
341.120 456.923 39.4927 8.7472 Solubility
382.790 456.046 2.6899 9.9626 Á

53.8592 468.885 36.6843 8.7472 Structure
93.3738 468.008 2.6899 9.9626 Á
98.8732 468.885 63.3502 8.7472 Supramolecular
165.032 468.885 47.3483 8.7472 architecture

53.8582 538.249 7.3165 7.4351 T.
63.5526 538.249 24.0497 7.4351 Heinze
90.0284 538.249 13.9883 7.4351 (*)

53.8587 548.227 22.6440 7.4351 Centre
78.9170 548.227 7.0540 7.4351 of
88.3277 548.227 37.3532 7.4351 Excellence
128.126 548.227 9.8739 7.4351 for
140.372 548.227 51.3766 7.4351 Polysaccharide
194.174 548.227 33.2123 7.4351 Research,
229.777 548.227 27.8519 7.4351 Institute
260.050 548.227 7.0540 7.4351 of
269.461 548.227 27.3184 7.4351 Organic
299.225 548.227 35.3463 7.4351 Chemistry
336.926 548.227 12.2535 7.4351 and

53.8587 558.148 56.1357 7.4351 Macromolecular
112.252 558.148 37.4633 7.4351 Chemistry,
151.881 558.148 31.1122 7.4351 Friedrich
185.217 558.148 26.4377 7.4351 Schiller
213.847 558.148 35.7866 7.4351 University
251.831 558.148 7.0540 7.4351 of
261.073 558.148 17.1820 7.4351 Jena,
280.461 558.148 56.9402 7.4351 Humboldtstrasse
339.649 558.148 10.5852 7.4351 10,
352.405 558.148 21.1705 7.4351 07743

53.8587 568.127 17.1820 7.4351 Jena,
73.4177 568.127 31.5525 7.4351 Germany

53.8587 578.105 24.1428 7.4351 e-mail:
80.3913 578.105 97.3928 7.4351 Thomas.heinze@uni-jena.de

53.8582 62.3464 45.6685 10.6879 Contents

54.5952 80.6811 4.2341 7.4351 1
67.2941 80.6811 41.9684 7.4351 Introduction
111.288 80.6811 2.1170 7.4351 .
114.406 80.6811 2.1170 7.4351 .
117.580 80.6811 2.1170 7.4351 .
120.698 80.6811 2.1170 7.4351 .
123.816 80.6811 2.1170 7.4351 .
126.934 80.6811 2.1170 7.4351 .
130.052 80.6811 2.1170 7.4351 .
133.170 80.6811 2.1170 7.4351 .
136.288 80.6811 2.1170 7.4351 .
139.406 80.6811 2.1170 7.4351 .
142.524 80.6811 2.1170 7.4351 .
145.642 80.6811 2.1170 7.4351 .
148.760 80.6811 2.1170 7.4351 .
151.935 80.6811 2.1170 7.4351 .
155.053 80.6811 2.1170 7.4351 .
158.171 80.6811 2.1170 7.4351 .
161.289 80.6811 2.1170 7.4351 .
164.407 80.6811 2.1170 7.4351 .
167.525 80.6811 2.1170 7.4351 .
170.643 80.6811 2.1170 7.4351 .
173.761 80.6811 2.1170 7.4351 .
176.879 80.6811 2.1170 7.4351 .
179.997 80.6811 2.1170 7.4351 .
183.172 80.6811 2.1170 7.4351 .
186.290 80.6811 2.1170 7.4351 .
189.408 80.6811 2.1170 7.4351 .
192.526 80.6811 2.1170 7.4351 .
195.644 80.6811 2.1170 7.4351 .
198.762 80.6811 2.1170 7.4351 .
201.880 80.6811 2.1170 7.4351 .
204.998 80.6811 2.1170 7.4351 .
208.116 80.6811 2.1170 7.4351 .
211.234 80.6811 2.1170 7.4351 .
214.352 80.6811 2.1170 7.4351 .
217.526 80.6811 2.1170 7.4351 .
220.644 80.6811 2.1170 7.4351 .
223.762 80.6811 2.1170 7.4351 .
226.880 80.6811 2.1170 7.4351 .
229.998 80.6811 2.1170 7.4351 .
233.116 80.6811 2.1170 7.4351 .
236.234 80.6811 2.1170 7.4351 .
239.352 80.6811 2.1170 7.4351 .
242.470 80.6811 2.1170 7.4351 .
245.588 80.6811 2.1170 7.4351 .
248.706 80.6811 2.1170 7.4351 .
251.881 80.6811 2.1170 7.4351 .
254.999 80.6811 2.1170 7.4351 .
258.117 80.6811 2.1170 7.4351 .
261.235 80.6811 2.1170 7.4351 .
264.353 80.6811 2.1170 7.4351 .
267.471 80.6811 2.1170 7.4351 .
270.589 80.6811 2.1170 7.4351 .
273.707 80.6811 2.1170 7.4351 .
276.825 80.6811 2.1170 7.4351 .
279.943 80.6811 2.1170 7.4351 .
283.118 80.6811 2.1170 7.4351 .
286.236 80.6811 2.1170 7.4351 .
289.354 80.6811 2.1170 7.4351 .
292.472 80.6811 2.1170 7.4351 .
295.590 80.6811 2.1170 7.4351 .
298.708 80.6811 2.1170 7.4351 .
301.826 80.6811 2.1170 7.4351 .
304.944 80.6811 2.1170 7.4351 .
308.062 80.6811 2.1170 7.4351 .
311.180 80.6811 2.1170 7.4351 .
314.297 80.6811 2.1170 7.4351 .
317.472 80.6811 2.1170 7.4351 .
320.590 80.6811 2.1170 7.4351 .
323.708 80.6811 2.1170 7.4351 .
326.826 80.6811 2.1170 7.4351 .
329.944 80.6811 2.1170 7.4351 .
333.062 80.6811 2.1170 7.4351 .
336.180 80.6811 2.1170 7.4351 .
339.298 80.6811 2.1170 7.4351 .
342.416 80.6811 2.1170 7.4351 .
345.534 80.6811 2.1170 7.4351 .
348.709 80.6811 2.1170 7.4351 .
351.827 80.6811 2.1170 7.4351 .
354.945 80.6811 2.1170 7.4351 .
358.063 80.6811 2.1170 7.4351 .
361.181 80.6811 2.1170 7.4351 .
364.299 80.6811 2.1170 7.4351 .
367.417 80.6811 2.1170 7.4351 .
381.250 80.6811 4.2341 7.4351 2

54.5952 90.6592 4.2341 7.4351 2
67.2941 90.6592 26.7934 7.4351 Sources
96.4908 90.6592 7.0540 7.4351 of
105.958 90.6592 32.0775 7.4351 Cellulose
140.030 90.6592 2.1170 7.4351 .
143.148 90.6592 2.1170 7.4351 .
146.266 90.6592 2.1170 7.4351 .
149.384 90.6592 2.1170 7.4351 .
152.502 90.6592 2.1170 7.4351 .
155.620 90.6592 2.1170 7.4351 .
158.738 90.6592 2.1170 7.4351 .
161.856 90.6592 2.1170 7.4351 .
164.974 90.6592 2.1170 7.4351 .
168.092 90.6592 2.1170 7.4351 .
171.210 90.6592 2.1170 7.4351 .
174.328 90.6592 2.1170 7.4351 .
177.446 90.6592 2.1170 7.4351 .
180.564 90.6592 5.1783 7.4351 ..
186.744 90.6592 2.1170 7.4351 .
189.862 90.6592 2.1170 7.4351 .
192.980 90.6592 2.1170 7.4351 .
196.098 90.6592 2.1170 7.4351 .
199.216 90.6592 2.1170 7.4351 .
202.333 90.6592 2.1170 7.4351 .
205.451 90.6592 2.1170 7.4351 .
208.569 90.6592 2.1170 7.4351 .
211.687 90.6592 2.1170 7.4351 .
214.805 90.6592 2.1170 7.4351 .
217.923 90.6592 2.1170 7.4351 .
221.041 90.6592 2.1170 7.4351 .
224.159 90.6592 2.1170 7.4351 .
227.277 90.6592 2.1170 7.4351 .
230.395 90.6592 2.1170 7.4351 .
233.513 90.6592 2.1170 7.4351 .
236.631 90.6592 5.1783 7.4351 ..
242.811 90.6592 2.1170 7.4351 .
245.929 90.6592 2.1170 7.4351 .
249.047 90.6592 2.1170 7.4351 .
252.165 90.6592 2.1170 7.4351 .
255.283 90.6592 2.1170 7.4351 .
258.401 90.6592 2.1170 7.4351 .
261.519 90.6592 2.1170 7.4351 .
264.637 90.6592 2.1170 7.4351 .
267.755 90.6592 2.1170 7.4351 .
270.873 90.6592 2.1170 7.4351 .
273.991 90.6592 2.1170 7.4351 .
277.109 90.6592 2.1170 7.4351 .
280.227 90.6592 2.1170 7.4351 .
283.345 90.6592 2.1170 7.4351 .
286.463 90.6592 2.1170 7.4351 .
289.581 90.6592 2.1170 7.4351 .
292.699 90.6592 5.1783 7.4351 ..
298.878 90.6592 2.1170 7.4351 .
301.996 90.6592 2.1170 7.4351 .
305.114 90.6592 2.1170 7.4351 .
308.232 90.6592 2.1170 7.4351 .
311.350 90.6592 2.1170 7.4351 .
314.468 90.6592 2.1170 7.4351 .
317.586 90.6592 2.1170 7.4351 .
320.704 90.6592 2.1170 7.4351 .
323.822 90.6592 2.1170 7.4351 .
326.940 90.6592 2.1170 7.4351 .
330.058 90.6592 2.1170 7.4351 .
333.176 90.6592 2.1170 7.4351 .
336.294 90.6592 2.1170 7.4351 .
339.412 90.6592 2.1170 7.4351 .
342.530 90.6592 2.1170 7.4351 .
345.648 90.6592 2.1170 7.4351 .
348.766 90.6592 5.1783 7.4351 ..
354.945 90.6592 2.1170 7.4351 .
358.063 90.6592 2.1170 7.4351 .
361.181 90.6592 2.1170 7.4351 .
364.299 90.6592 2.1170 7.4351 .
367.417 90.6592 2.1170 7.4351 .
381.250 90.6592 4.2341 7.4351 3

54.5952 100.580 4.2341 7.4351 3
67.2941 100.580 31.1122 7.4351 Structure
100.856 100.580 7.0540 7.4351 of
110.266 100.580 32.0775 7.4351 Cellulose
144.339 100.580 2.1170 7.4351 .
147.514 100.580 2.1170 7.4351 .
150.632 100.580 2.1170 7.4351 .
153.806 100.580 2.1170 7.4351 .
156.924 100.580 2.1170 7.4351 .
160.099 100.580 2.1170 7.4351 .
163.217 100.580 2.1170 7.4351 .
166.335 100.580 2.1170 7.4351 .
169.510 100.580 2.1170 7.4351 .
172.628 100.580 2.1170 7.4351 .
175.803 100.580 2.1170 7.4351 .
178.921 100.580 2.1170 7.4351 .
182.095 100.580 2.1170 7.4351 .
185.213 100.580 2.1170 7.4351 .
188.331 100.580 2.1170 7.4351 .
191.506 100.580 2.1170 7.4351 .
194.624 100.580 2.1170 7.4351 .
197.799 100.580 2.1170 7.4351 .
200.917 100.580 2.1170 7.4351 .
204.035 100.580 2.1170 7.4351 .
207.209 100.580 2.1170 7.4351 .
210.327 100.580 2.1170 7.4351 .
213.502 100.580 2.1170 7.4351 .
216.620 100.580 2.1170 7.4351 .
219.795 100.580 2.1170 7.4351 .
222.913 100.580 2.1170 7.4351 .
226.031 100.580 2.1170 7.4351 .
229.206 100.580 2.1170 7.4351 .
232.324 100.580 2.1170 7.4351 .
235.498 100.580 2.1170 7.4351 .
238.616 100.580 2.1170 7.4351 .
241.791 100.580 2.1170 7.4351 .
244.909 100.580 2.1170 7.4351 .
248.027 100.580 2.1170 7.4351 .
251.202 100.580 2.1170 7.4351 .
254.320 100.580 2.1170 7.4351 .
257.495 100.580 2.1170 7.4351 .
260.612 100.580 2.1170 7.4351 .
263.730 100.580 2.1170 7.4351 .
266.905 100.580 2.1170 7.4351 .
270.023 100.580 2.1170 7.4351 .
273.198 100.580 2.1170 7.4351 .
276.316 100.580 2.1170 7.4351 .
279.491 100.580 2.1170 7.4351 .
282.609 100.580 2.1170 7.4351 .
285.727 100.580 2.1170 7.4351 .
288.901 100.580 2.1170 7.4351 .
292.019 100.580 2.1170 7.4351 .
295.194 100.580 2.1170 7.4351 .
298.312 100.580 2.1170 7.4351 .
301.430 100.580 2.1170 7.4351 .
304.605 100.580 2.1170 7.4351 .
307.723 100.580 2.1170 7.4351 .
310.898 100.580 2.1170 7.4351 .
314.016 100.580 2.1170 7.4351 .
317.190 100.580 2.1170 7.4351 .
320.308 100.580 2.1170 7.4351 .
323.426 100.580 2.1170 7.4351 .
326.601 100.580 2.1170 7.4351 .
329.719 100.580 2.1170 7.4351 .
332.894 100.580 2.1170 7.4351 .
336.012 100.580 2.1170 7.4351 .
339.186 100.580 2.1170 7.4351 .
342.304 100.580 2.1170 7.4351 .
345.422 100.580 2.1170 7.4351 .
348.597 100.580 2.1170 7.4351 .
351.715 100.580 2.1170 7.4351 .
354.890 100.580 2.1170 7.4351 .
358.008 100.580 2.1170 7.4351 .
361.126 100.580 2.1170 7.4351 .
364.301 100.580 2.1170 7.4351 .
367.419 100.580 2.1170 7.4351 .
381.251 100.580 4.2341 7.4351 4

67.2941 110.558 10.5852 7.4351 3.1
86.3992 110.558 34.8975 7.4351 Molecular
123.703 110.558 31.1122 7.4351 Structure
156.812 110.558 2.1170 7.4351 .
159.987 110.558 2.1170 7.4351 .
163.105 110.558 2.1170 7.4351 .
166.223 110.558 2.1170 7.4351 .
169.397 110.558 2.1170 7.4351 .
172.515 110.558 2.1170 7.4351 .
175.690 110.558 2.1170 7.4351 .
178.808 110.558 2.1170 7.4351 .
181.983 110.558 2.1170 7.4351 .
185.101 110.558 2.1170 7.4351 .
188.275 110.558 2.1170 7.4351 .
191.393 110.558 2.1170 7.4351 .
194.511 110.558 2.1170 7.4351 .
197.686 110.558 2.1170 7.4351 .
200.804 110.558 2.1170 7.4351 .
203.979 110.558 2.1170 7.4351 .
207.097 110.558 2.1170 7.4351 .
210.272 110.558 2.1170 7.4351 .
213.390 110.558 2.1170 7.4351 .
216.564 110.558 2.1170 7.4351 .
219.682 110.558 2.1170 7.4351 .
222.857 110.558 2.1170 7.4351 .
225.975 110.558 2.1170 7.4351 .
229.093 110.558 2.1170 7.4351 .
232.268 110.558 2.1170 7.4351 .
235.386 110.558 2.1170 7.4351 .
238.560 110.558 2.1170 7.4351 .
241.678 110.558 2.1170 7.4351 .
244.853 110.558 2.1170 7.4351 .
247.971 110.558 2.1170 7.4351 .
251.146 110.558 2.1170 7.4351 .
254.264 110.558 2.1170 7.4351 .
257.382 110.558 2.1170 7.4351 .
260.557 110.558 2.1170 7.4351 .
263.675 110.558 2.1170 7.4351 .
266.849 110.558 2.1170 7.4351 .
269.967 110.558 2.1170 7.4351 .
273.142 110.558 2.1170 7.4351 .
276.260 110.558 2.1170 7.4351 .
279.435 110.558 2.1170 7.4351 .
282.553 110.558 2.1170 7.4351 .
285.727 110.558 2.1170 7.4351 .
288.845 110.558 2.1170 7.4351 .
291.963 110.558 2.1170 7.4351 .
295.138 110.558 2.1170 7.4351 .
298.256 110.558 2.1170 7.4351 .
301.431 110.558 2.1170 7.4351 .
304.549 110.558 2.1170 7.4351 .
307.724 110.558 2.1170 7.4351 .
310.842 110.558 2.1170 7.4351 .
314.016 110.558 2.1170 7.4351 .
317.134 110.558 2.1170 7.4351 .
320.252 110.558 2.1170 7.4351 .
323.427 110.558 2.1170 7.4351 .
326.545 110.558 2.1170 7.4351 .
329.720 110.558 2.1170 7.4351 .
332.838 110.558 2.1170 7.4351 .
336.013 110.558 2.1170 7.4351 .
339.130 110.558 2.1170 7.4351 .
342.305 110.558 2.1170 7.4351 .
345.423 110.558 2.1170 7.4351 .
348.598 110.558 2.1170 7.4351 .
351.716 110.558 2.1170 7.4351 .
354.834 110.558 2.1170 7.4351 .
358.009 110.558 2.1170 7.4351 .
361.127 110.558 2.1170 7.4351 .
364.301 110.558 2.1170 7.4351 .
367.419 110.558 2.1170 7.4351 .
381.252 110.558 4.2341 7.4351 4

67.2941 120.536 10.5852 7.4351 3.2
86.3992 120.536 33.8559 7.4351 Hydrogen
122.626 120.536 29.1899 7.4351 Bonding
153.806 120.536 2.1170 7.4351 .
156.981 120.536 2.1170 7.4351 .
160.099 120.536 2.1170 7.4351 .
163.217 120.536 2.1170 7.4351 .
166.392 120.536 2.1170 7.4351 .
169.510 120.536 2.1170 7.4351 .
172.685 120.536 2.1170 7.4351 .
175.803 120.536 2.1170 7.4351 .
178.977 120.536 2.1170 7.4351 .
182.095 120.536 2.1170 7.4351 .
185.213 120.536 2.1170 7.4351 .
188.388 120.536 2.1170 7.4351 .
191.506 120.536 2.1170 7.4351 .
194.681 120.536 2.1170 7.4351 .
197.799 120.536 2.1170 7.4351 .
200.917 120.536 2.1170 7.4351 .
204.092 120.536 2.1170 7.4351 .
207.209 120.536 2.1170 7.4351 .
210.384 120.536 2.1170 7.4351 .
213.502 120.536 2.1170 7.4351 .
216.677 120.536 2.1170 7.4351 .
219.795 120.536 2.1170 7.4351 .
222.913 120.536 2.1170 7.4351 .
226.088 120.536 2.1170 7.4351 .
229.206 120.536 2.1170 7.4351 .
232.380 120.536 2.1170 7.4351 .
235.498 120.536 2.1170 7.4351 .
238.616 120.536 2.1170 7.4351 .
241.791 120.536 2.1170 7.4351 .
244.909 120.536 2.1170 7.4351 .
248.084 120.536 2.1170 7.4351 .
251.202 120.536 2.1170 7.4351 .
254.320 120.536 2.1170 7.4351 .
257.495 120.536 2.1170 7.4351 .
260.612 120.536 2.1170 7.4351 .
263.787 120.536 2.1170 7.4351 .
266.905 120.536 2.1170 7.4351 .
270.080 120.536 2.1170 7.4351 .
273.198 120.536 2.1170 7.4351 .
276.316 120.536 2.1170 7.4351 .
279.491 120.536 2.1170 7.4351 .
282.609 120.536 2.1170 7.4351 .
285.783 120.536 2.1170 7.4351 .
288.901 120.536 2.1170 7.4351 .
292.019 120.536 2.1170 7.4351 .
295.194 120.536 2.1170 7.4351 .
298.312 120.536 2.1170 7.4351 .
301.487 120.536 2.1170 7.4351 .
304.605 120.536 2.1170 7.4351 .
307.780 120.536 2.1170 7.4351 .
310.898 120.536 2.1170 7.4351 .
314.016 120.536 2.1170 7.4351 .
317.190 120.536 2.1170 7.4351 .
320.308 120.536 2.1170 7.4351 .
323.483 120.536 2.1170 7.4351 .
326.601 120.536 2.1170 7.4351 .
329.719 120.536 2.1170 7.4351 .
332.894 120.536 2.1170 7.4351 .
336.012 120.536 2.1170 7.4351 .
339.186 120.536 2.1170 7.4351 .
342.304 120.536 2.1170 7.4351 .
345.479 120.536 2.1170 7.4351 .
348.597 120.536 2.1170 7.4351 .
351.715 120.536 2.1170 7.4351 .
354.890 120.536 2.1170 7.4351 .
358.008 120.536 2.1170 7.4351 .
361.183 120.536 2.1170 7.4351 .
364.301 120.536 2.1170 7.4351 .
367.419 120.536 2.1170 7.4351 .
381.251 120.536 4.2341 7.4351 5

67.2941 130.458 10.5852 7.4351 3.3
86.3992 130.458 24.4985 7.4351 Crystal
113.271 130.458 47.0747 7.4351 Modiﬁcations
162.367 130.458 2.1170 7.4351 .
165.542 130.458 2.1170 7.4351 .
168.660 130.458 2.1170 7.4351 .
171.834 130.458 2.1170 7.4351 .
175.009 130.458 2.1170 7.4351 .
178.127 130.458 2.1170 7.4351 .
181.302 130.458 2.1170 7.4351 .
184.477 130.458 2.1170 7.4351 .
187.595 130.458 2.1170 7.4351 .
190.769 130.458 2.1170 7.4351 .
193.944 130.458 2.1170 7.4351 .
197.062 130.458 2.1170 7.4351 .
200.237 130.458 2.1170 7.4351 .
203.412 130.458 2.1170 7.4351 .
206.529 130.458 2.1170 7.4351 .
209.704 130.458 2.1170 7.4351 .
212.879 130.458 2.1170 7.4351 .
215.997 130.458 2.1170 7.4351 .
219.172 130.458 2.1170 7.4351 .
222.290 130.458 2.1170 7.4351 .
225.464 130.458 2.1170 7.4351 .
228.639 130.458 2.1170 7.4351 .
231.757 130.458 2.1170 7.4351 .
234.932 130.458 2.1170 7.4351 .
238.107 130.458 2.1170 7.4351 .
241.225 130.458 2.1170 7.4351 .
244.399 130.458 2.1170 7.4351 .
247.574 130.458 2.1170 7.4351 .
250.692 130.458 2.1170 7.4351 .
253.867 130.458 2.1170 7.4351 .
257.041 130.458 2.1170 7.4351 .
260.159 130.458 2.1170 7.4351 .
263.334 130.458 2.1170 7.4351 .
266.509 130.458 2.1170 7.4351 .
269.627 130.458 2.1170 7.4351 .
272.802 130.458 2.1170 7.4351 .
275.976 130.458 2.1170 7.4351 .
279.094 130.458 2.1170 7.4351 .
282.269 130.458 2.1170 7.4351 .
285.387 130.458 2.1170 7.4351 .
288.562 130.458 2.1170 7.4351 .
291.737 130.458 2.1170 7.4351 .
294.855 130.458 2.1170 7.4351 .
298.029 130.458 2.1170 7.4351 .
301.204 130.458 2.1170 7.4351 .
304.322 130.458 2.1170 7.4351 .
307.497 130.458 2.1170 7.4351 .
310.671 130.458 2.1170 7.4351 .
313.789 130.458 2.1170 7.4351 .
316.964 130.458 2.1170 7.4351 .
320.139 130.458 2.1170 7.4351 .
323.257 130.458 2.1170 7.4351 .
326.432 130.458 2.1170 7.4351 .
329.606 130.458 2.1170 7.4351 .
332.724 130.458 2.1170 7.4351 .
335.899 130.458 2.1170 7.4351 .
339.074 130.458 2.1170 7.4351 .
342.192 130.458 2.1170 7.4351 .
345.366 130.458 2.1170 7.4351 .
348.484 130.458 2.1170 7.4351 .
351.659 130.458 2.1170 7.4351 .
354.834 130.458 2.1170 7.4351 .
357.952 130.458 2.1170 7.4351 .
361.127 130.458 2.1170 7.4351 .
364.301 130.458 2.1170 7.4351 .
367.419 130.458 2.1170 7.4351 .
381.252 130.458 4.2341 7.4351 6

67.2941 140.436 10.5852 7.4351 3.4
86.3992 140.436 42.3325 7.4351 Morphology
130.732 140.436 2.1170 7.4351 .
133.850 140.436 2.1170 7.4351 .
136.968 140.436 2.1170 7.4351 .
140.030 140.436 2.1170 7.4351 .
143.148 140.436 2.1170 7.4351 .
146.266 140.436 2.1170 7.4351 .
149.384 140.436 2.1170 7.4351 .
152.502 140.436 2.1170 7.4351 .
155.620 140.436 2.1170 7.4351 .
158.738 140.436 2.1170 7.4351 .
161.856 140.436 2.1170 7.4351 .
164.974 140.436 2.1170 7.4351 .
168.092 140.436 2.1170 7.4351 .
171.210 140.436 2.1170 7.4351 .
174.328 140.436 2.1170 7.4351 .
177.446 140.436 2.1170 7.4351 .
180.564 140.436 2.1170 7.4351 .
183.682 140.436 2.1170 7.4351 .
186.800 140.436 2.1170 7.4351 .
189.918 140.436 5.1783 7.4351 ..
196.098 140.436 2.1170 7.4351 .
199.216 140.436 2.1170 7.4351 .
202.334 140.436 2.1170 7.4351 .
205.451 140.436 2.1170 7.4351 .
208.569 140.436 2.1170 7.4351 .
211.687 140.436 2.1170 7.4351 .
214.805 140.436 2.1170 7.4351 .
217.923 140.436 2.1170 7.4351 .
221.041 140.436 2.1170 7.4351 .
224.159 140.436 2.1170 7.4351 .
227.277 140.436 2.1170 7.4351 .
230.395 140.436 2.1170 7.4351 .
233.513 140.436 2.1170 7.4351 .
236.631 140.436 2.1170 7.4351 .
239.749 140.436 2.1170 7.4351 .
242.867 140.436 5.1783 7.4351 ..
249.047 140.436 2.1170 7.4351 .
252.165 140.436 2.1170 7.4351 .
255.283 140.436 2.1170 7.4351 .
258.401 140.436 2.1170 7.4351 .
261.519 140.436 2.1170 7.4351 .
264.637 140.436 2.1170 7.4351 .
267.755 140.436 2.1170 7.4351 .
270.873 140.436 2.1170 7.4351 .
273.991 140.436 2.1170 7.4351 .
277.109 140.436 2.1170 7.4351 .
280.227 140.436 2.1170 7.4351 .
283.345 140.436 2.1170 7.4351 .
286.463 140.436 2.1170 7.4351 .
289.581 140.436 2.1170 7.4351 .
292.699 140.436 5.1783 7.4351 ..
298.878 140.436 2.1170 7.4351 .
301.996 140.436 2.1170 7.4351 .
305.114 140.436 2.1170 7.4351 .
308.232 140.436 2.1170 7.4351 .
311.350 140.436 2.1170 7.4351 .
314.468 140.436 2.1170 7.4351 .
317.586 140.436 2.1170 7.4351 .
320.704 140.436 2.1170 7.4351 .
323.822 140.436 2.1170 7.4351 .
326.940 140.436 2.1170 7.4351 .
330.058 140.436 2.1170 7.4351 .
333.176 140.436 2.1170 7.4351 .
336.294 140.436 2.1170 7.4351 .
339.412 140.436 2.1170 7.4351 .
342.530 140.436 2.1170 7.4351 .
345.648 140.436 5.1783 7.4351 ..
351.827 140.436 2.1170 7.4351 .
354.945 140.436 2.1170 7.4351 .
358.063 140.436 2.1170 7.4351 .
361.181 140.436 2.1170 7.4351 .
364.299 140.436 2.1170 7.4351 .
367.417 140.436 2.1170 7.4351 .
381.250 140.436 4.2341 7.4351 9

54.5952 150.414 4.2341 7.4351 4
67.2941 150.414 51.3927 7.4351 Nanostructures
121.039 150.414 7.0540 7.4351 of
130.449 150.414 32.0775 7.4351 Cellulose
164.975 150.414 12.2535 7.4351 and
179.602 150.414 18.4183 7.4351 Their
200.409 150.414 34.3724 7.4351 Properties
236.805 150.414 2.1170 7.4351 .
239.980 150.414 2.1170 7.4351 .
243.154 150.414 2.1170 7.4351 .
246.329 150.414 2.1170 7.4351 .
249.561 150.414 2.1170 7.4351 .
252.735 150.414 2.1170 7.4351 .
255.910 150.414 2.1170 7.4351 .
259.085 150.414 2.1170 7.4351 .
262.260 150.414 2.1170 7.4351 .
265.491 150.414 2.1170 7.4351 .
268.666 150.414 2.1170 7.4351 .
271.840 150.414 2.1170 7.4351 .
275.015 150.414 2.1170 7.4351 .
278.247 150.414 2.1170 7.4351 .
281.421 150.414 2.1170 7.4351 .
284.596 150.414 2.1170 7.4351 .
287.771 150.414 2.1170 7.4351 .
290.946 150.414 2.1170 7.4351 .
294.177 150.414 2.1170 7.4351 .
297.352 150.414 2.1170 7.4351 .
300.527 150.414 2.1170 7.4351 .
303.701 150.414 2.1170 7.4351 .
306.876 150.414 2.1170 7.4351 .
310.107 150.414 2.1170 7.4351 .
313.282 150.414 2.1170 7.4351 .
316.457 150.414 2.1170 7.4351 .
319.632 150.414 2.1170 7.4351 .
322.806 150.414 2.1170 7.4351 .
326.038 150.414 2.1170 7.4351 .
329.213 150.414 2.1170 7.4351 .
332.387 150.414 2.1170 7.4351 .
335.562 150.414 2.1170 7.4351 .
338.793 150.414 2.1170 7.4351 .
341.968 150.414 2.1170 7.4351 .
345.143 150.414 2.1170 7.4351 .
348.318 150.414 2.1170 7.4351 .
351.492 150.414 2.1170 7.4351 .
354.724 150.414 2.1170 7.4351 .
357.899 150.414 2.1170 7.4351 .
361.073 150.414 2.1170 7.4351 .
364.248 150.414 2.1170 7.4351 .
367.423 150.414 2.1170 7.4351 .
377.060 150.414 8.4682 7.4351 12

67.2941 160.392 10.5852 7.4351 4.1
86.3992 160.392 56.1357 7.4351 Microcrystalline
144.962 160.392 32.0775 7.4351 Cellulose
179.035 160.392 2.1170 7.4351 .
182.210 160.392 2.1170 7.4351 .
185.328 160.392 2.1170 7.4351 .
188.446 160.392 2.1170 7.4351 .
191.620 160.392 2.1170 7.4351 .
194.738 160.392 2.1170 7.4351 .
197.913 160.392 2.1170 7.4351 .
201.031 160.392 2.1170 7.4351 .
204.149 160.392 2.1170 7.4351 .
207.324 160.392 2.1170 7.4351 .
210.442 160.392 2.1170 7.4351 .
213.560 160.392 2.1170 7.4351 .
216.735 160.392 2.1170 7.4351 .
219.853 160.392 2.1170 7.4351 .
223.027 160.392 2.1170 7.4351 .
226.145 160.392 2.1170 7.4351 .
229.263 160.392 2.1170 7.4351 .
232.438 160.392 2.1170 7.4351 .
235.556 160.392 2.1170 7.4351 .
238.731 160.392 2.1170 7.4351 .
241.849 160.392 2.1170 7.4351 .
244.967 160.392 2.1170 7.4351 .
248.141 160.392 2.1170 7.4351 .
251.259 160.392 2.1170 7.4351 .
254.377 160.392 2.1170 7.4351 .
257.552 160.392 2.1170 7.4351 .
260.670 160.392 2.1170 7.4351 .
263.845 160.392 2.1170 7.4351 .
266.963 160.392 2.1170 7.4351 .
270.081 160.392 2.1170 7.4351 .
273.256 160.392 2.1170 7.4351 .
276.374 160.392 2.1170 7.4351 .
279.548 160.392 2.1170 7.4351 .
282.666 160.392 2.1170 7.4351 .
285.784 160.392 2.1170 7.4351 .
288.959 160.392 2.1170 7.4351 .
292.077 160.392 2.1170 7.4351 .
295.195 160.392 2.1170 7.4351 .
298.370 160.392 2.1170 7.4351 .
301.488 160.392 2.1170 7.4351 .
304.662 160.392 2.1170 7.4351 .
307.780 160.392 2.1170 7.4351 .
310.898 160.392 2.1170 7.4351 .
314.073 160.392 2.1170 7.4351 .
317.191 160.392 2.1170 7.4351 .
320.366 160.392 2.1170 7.4351 .
323.484 160.392 2.1170 7.4351 .
326.602 160.392 2.1170 7.4351 .
329.777 160.392 2.1170 7.4351 .
332.895 160.392 2.1170 7.4351 .
336.013 160.392 2.1170 7.4351 .
339.187 160.392 2.1170 7.4351 .
342.305 160.392 2.1170 7.4351 .
345.480 160.392 2.1170 7.4351 .
348.598 160.392 2.1170 7.4351 .
351.716 160.392 2.1170 7.4351 .
354.891 160.392 2.1170 7.4351 .
358.009 160.392 2.1170 7.4351 .
361.183 160.392 2.1170 7.4351 .
364.301 160.392 2.1170 7.4351 .
367.419 160.392 2.1170 7.4351 .
377.057 160.392 8.4682 7.4351 12

67.2941 170.313 10.5852 7.4351 4.2
86.3992 170.313 32.0775 7.4351 Cellulose
120.868 170.313 31.9929 7.4351 Whiskers
154.884 170.313 2.1170 7.4351 .
158.002 170.313 2.1170 7.4351 .
161.120 170.313 2.1170 7.4351 .
164.238 170.313 2.1170 7.4351 .
167.356 170.313 2.1170 7.4351 .
170.530 170.313 2.1170 7.4351 .
173.648 170.313 2.1170 7.4351 .
176.766 170.313 2.1170 7.4351 .
179.884 170.313 2.1170 7.4351 .
183.002 170.313 2.1170 7.4351 .
186.120 170.313 2.1170 7.4351 .
189.238 170.313 2.1170 7.4351 .
192.413 170.313 2.1170 7.4351 .
195.531 170.313 2.1170 7.4351 .
198.649 170.313 2.1170 7.4351 .
201.767 170.313 2.1170 7.4351 .
204.885 170.313 2.1170 7.4351 .
208.003 170.313 2.1170 7.4351 .
211.121 170.313 2.1170 7.4351 .
214.296 170.313 2.1170 7.4351 .
217.414 170.313 2.1170 7.4351 .
220.532 170.313 2.1170 7.4351 .
223.650 170.313 2.1170 7.4351 .
226.768 170.313 2.1170 7.4351 .
229.886 170.313 2.1170 7.4351 .
233.004 170.313 2.1170 7.4351 .
236.122 170.313 2.1170 7.4351 .
239.296 170.313 2.1170 7.4351 .
242.414 170.313 2.1170 7.4351 .
245.532 170.313 2.1170 7.4351 .
248.650 170.313 2.1170 7.4351 .
251.768 170.313 2.1170 7.4351 .
254.886 170.313 2.1170 7.4351 .
258.004 170.313 2.1170 7.4351 .
261.179 170.313 2.1170 7.4351 .
264.297 170.313 2.1170 7.4351 .
267.415 170.313 2.1170 7.4351 .
270.533 170.313 2.1170 7.4351 .
273.651 170.313 2.1170 7.4351 .
276.769 170.313 2.1170 7.4351 .
279.887 170.313 2.1170 7.4351 .
283.062 170.313 2.1170 7.4351 .
286.180 170.313 2.1170 7.4351 .
289.298 170.313 2.1170 7.4351 .
292.416 170.313 2.1170 7.4351 .
295.534 170.313 2.1170 7.4351 .
298.652 170.313 2.1170 7.4351 .
301.770 170.313 2.1170 7.4351 .
304.944 170.313 2.1170 7.4351 .
308.062 170.313 2.1170 7.4351 .
311.180 170.313 2.1170 7.4351 .
314.298 170.313 2.1170 7.4351 .
317.416 170.313 2.1170 7.4351 .
320.534 170.313 2.1170 7.4351 .
323.652 170.313 2.1170 7.4351 .
326.827 170.313 2.1170 7.4351 .
329.945 170.313 2.1170 7.4351 .
333.063 170.313 2.1170 7.4351 .
336.181 170.313 2.1170 7.4351 .
339.299 170.313 2.1170 7.4351 .
342.417 170.313 2.1170 7.4351 .
345.535 170.313 2.1170 7.4351 .
348.710 170.313 2.1170 7.4351 .
351.828 170.313 2.1170 7.4351 .
354.946 170.313 2.1170 7.4351 .
358.064 170.313 2.1170 7.4351 .
361.182 170.313 2.1170 7.4351 .
364.300 170.313 2.1170 7.4351 .
367.418 170.313 2.1170 7.4351 .
377.055 170.313 8.4682 7.4351 15

67.2941 180.291 10.5852 7.4351 4.3
86.3992 180.291 53.7646 7.4351 Microﬁbrillated
142.582 180.291 32.0775 7.4351 Cellulose
176.655 180.291 2.1170 7.4351 .
179.773 180.291 2.1170 7.4351 .
182.947 180.291 2.1170 7.4351 .
186.065 180.291 2.1170 7.4351 .
189.183 180.291 2.1170 7.4351 .
192.301 180.291 2.1170 7.4351 .
195.419 180.291 2.1170 7.4351 .
198.537 180.291 2.1170 7.4351 .
201.712 180.291 2.1170 7.4351 .
204.830 180.291 2.1170 7.4351 .
207.948 180.291 2.1170 7.4351 .
211.066 180.291 2.1170 7.4351 .
214.184 180.291 2.1170 7.4351 .
217.302 180.291 2.1170 7.4351 .
220.477 180.291 2.1170 7.4351 .
223.595 180.291 2.1170 7.4351 .
226.713 180.291 2.1170 7.4351 .
229.831 180.291 2.1170 7.4351 .
232.949 180.291 2.1170 7.4351 .
236.067 180.291 2.1170 7.4351 .
239.241 180.291 2.1170 7.4351 .
242.359 180.291 2.1170 7.4351 .
245.477 180.291 2.1170 7.4351 .
248.595 180.291 2.1170 7.4351 .
251.713 180.291 2.1170 7.4351 .
254.831 180.291 2.1170 7.4351 .
258.006 180.291 2.1170 7.4351 .
261.124 180.291 2.1170 7.4351 .
264.242 180.291 2.1170 7.4351 .
267.360 180.291 2.1170 7.4351 .
270.478 180.291 2.1170 7.4351 .
273.596 180.291 2.1170 7.4351 .
276.771 180.291 2.1170 7.4351 .
279.889 180.291 2.1170 7.4351 .
283.007 180.291 2.1170 7.4351 .
286.125 180.291 2.1170 7.4351 .
289.243 180.291 2.1170 7.4351 .
292.361 180.291 2.1170 7.4351 .
295.479 180.291 2.1170 7.4351 .
298.653 180.291 2.1170 7.4351 .
301.771 180.291 2.1170 7.4351 .
304.889 180.291 2.1170 7.4351 .
308.007 180.291 2.1170 7.4351 .
311.125 180.291 2.1170 7.4351 .
314.243 180.291 2.1170 7.4351 .
317.418 180.291 2.1170 7.4351 .
320.536 180.291 2.1170 7.4351 .
323.654 180.291 2.1170 7.4351 .
326.772 180.291 2.1170 7.4351 .
329.890 180.291 2.1170 7.4351 .
333.008 180.291 2.1170 7.4351 .
336.183 180.291 2.1170 7.4351 .
339.301 180.291 2.1170 7.4351 .
342.419 180.291 2.1170 7.4351 .
345.537 180.291 2.1170 7.4351 .
348.655 180.291 2.1170 7.4351 .
351.773 180.291 2.1170 7.4351 .
354.947 180.291 2.1170 7.4351 .
358.065 180.291 2.1170 7.4351 .
361.183 180.291 2.1170 7.4351 .
364.301 180.291 2.1170 7.4351 .
367.419 180.291 2.1170 7.4351 .
377.057 180.291 8.4682 7.4351 17

54.5952 190.269 4.2341 7.4351 5
67.2941 190.269 36.7689 7.4351 Bottom-up
106.468 190.269 40.4526 7.4351 Approaches
149.329 190.269 6.6137 7.4351 to
158.343 190.269 51.2919 7.4351 Nanostructures
212.031 190.269 7.0540 7.4351 of
221.499 190.269 32.0775 7.4351 Cellulose
255.571 190.269 2.1170 7.4351 .
258.803 190.269 2.1170 7.4351 .
261.978 190.269 2.1170 7.4351 .
265.152 190.269 2.1170 7.4351 .
268.384 190.269 2.1170 7.4351 .
271.558 190.269 2.1170 7.4351 .
274.790 190.269 2.1170 7.4351 .
277.965 190.269 2.1170 7.4351 .
281.139 190.269 2.1170 7.4351 .
284.371 190.269 2.1170 7.4351 .
287.546 190.269 2.1170 7.4351 .
290.720 190.269 2.1170 7.4351 .
293.952 190.269 2.1170 7.4351 .
297.127 190.269 2.1170 7.4351 .
300.358 190.269 2.1170 7.4351 .
303.533 190.269 2.1170 7.4351 .
306.707 190.269 2.1170 7.4351 .
309.939 190.269 2.1170 7.4351 .
313.114 190.269 2.1170 7.4351 .
316.288 190.269 2.1170 7.4351 .
319.520 190.269 2.1170 7.4351 .
322.695 190.269 2.1170 7.4351 .
325.926 190.269 2.1170 7.4351 .
329.101 190.269 2.1170 7.4351 .
332.275 190.269 2.1170 7.4351 .
335.507 190.269 2.1170 7.4351 .
338.682 190.269 2.1170 7.4351 .
341.856 190.269 2.1170 7.4351 .
345.088 190.269 2.1170 7.4351 .
348.263 190.269 2.1170 7.4351 .
351.494 190.269 2.1170 7.4351 .
354.669 190.269 2.1170 7.4351 .
357.844 190.269 2.1170 7.4351 .
361.075 190.269 2.1170 7.4351 .
364.250 190.269 2.1170 7.4351 .
367.424 190.269 2.1170 7.4351 .
377.062 190.269 8.4682 7.4351 18

67.2941 200.247 10.5852 7.4351 5.1
86.3992 200.247 53.7731 7.4351 Electrospinning
142.582 200.247 7.0540 7.4351 of
151.993 200.247 32.0775 7.4351 Cellulose
186.462 200.247 12.2535 7.4351 and
201.089 200.247 32.0775 7.4351 Cellulose
235.614 200.247 39.1231 7.4351 Derivatives
276.773 200.247 2.1170 7.4351 .
279.891 200.247 2.1170 7.4351 .
283.009 200.247 2.1170 7.4351 .
286.127 200.247 2.1170 7.4351 .
289.245 200.247 2.1170 7.4351 .
292.420 200.247 2.1170 7.4351 .
295.538 200.247 2.1170 7.4351 .
298.656 200.247 2.1170 7.4351 .
301.774 200.247 2.1170 7.4351 .
304.892 200.247 2.1170 7.4351 .
308.010 200.247 2.1170 7.4351 .
311.128 200.247 2.1170 7.4351 .
314.303 200.247 2.1170 7.4351 .
317.421 200.247 2.1170 7.4351 .
320.539 200.247 2.1170 7.4351 .
323.657 200.247 2.1170 7.4351 .
326.775 200.247 2.1170 7.4351 .
329.893 200.247 2.1170 7.4351 .
333.067 200.247 2.1170 7.4351 .
336.185 200.247 2.1170 7.4351 .
339.303 200.247 2.1170 7.4351 .
342.421 200.247 2.1170 7.4351 .
345.539 200.247 2.1170 7.4351 .
348.657 200.247 2.1170 7.4351 .
351.832 200.247 2.1170 7.4351 .
354.950 200.247 2.1170 7.4351 .
358.068 200.247 2.1170 7.4351 .
361.186 200.247 2.1170 7.4351 .
364.304 200.247 2.1170 7.4351 .
367.422 200.247 2.1170 7.4351 .
377.060 200.247 8.4682 7.4351 18

67.2941 210.169 10.5852 7.4351 5.2
86.3992 210.169 43.7128 7.4351 Nanospheres
132.150 210.169 2.1170 7.4351 .
135.268 210.169 2.1170 7.4351 .
138.386 210.169 2.1170 7.4351 .
141.561 210.169 2.1170 7.4351 .
144.679 210.169 2.1170 7.4351 .
147.797 210.169 2.1170 7.4351 .
150.971 210.169 2.1170 7.4351 .
154.089 210.169 2.1170 7.4351 .
157.207 210.169 2.1170 7.4351 .
160.382 210.169 2.1170 7.4351 .
163.500 210.169 2.1170 7.4351 .
166.618 210.169 2.1170 7.4351 .
169.793 210.169 2.1170 7.4351 .
172.911 210.169 2.1170 7.4351 .
176.029 210.169 2.1170 7.4351 .
179.203 210.169 2.1170 7.4351 .
182.321 210.169 2.1170 7.4351 .
185.439 210.169 2.1170 7.4351 .
188.614 210.169 2.1170 7.4351 .
191.732 210.169 2.1170 7.4351 .
194.850 210.169 2.1170 7.4351 .
198.025 210.169 2.1170 7.4351 .
201.143 210.169 2.1170 7.4351 .
204.318 210.169 2.1170 7.4351 .
207.436 210.169 2.1170 7.4351 .
210.554 210.169 2.1170 7.4351 .
213.728 210.169 2.1170 7.4351 .
216.846 210.169 2.1170 7.4351 .
219.964 210.169 2.1170 7.4351 .
223.139 210.169 2.1170 7.4351 .
226.257 210.169 2.1170 7.4351 .
229.375 210.169 2.1170 7.4351 .
232.550 210.169 2.1170 7.4351 .
235.668 210.169 2.1170 7.4351 .
238.786 210.169 2.1170 7.4351 .
241.960 210.169 2.1170 7.4351 .
245.078 210.169 2.1170 7.4351 .
248.196 210.169 2.1170 7.4351 .
251.371 210.169 2.1170 7.4351 .
254.489 210.169 2.1170 7.4351 .
257.607 210.169 2.1170 7.4351 .
260.782 210.169 2.1170 7.4351 .
263.900 210.169 2.1170 7.4351 .
267.018 210.169 2.1170 7.4351 .
270.193 210.169 2.1170 7.4351 .
273.311 210.169 2.1170 7.4351 .
276.429 210.169 2.1170 7.4351 .
279.603 210.169 2.1170 7.4351 .
282.721 210.169 2.1170 7.4351 .
285.839 210.169 2.1170 7.4351 .
289.014 210.169 2.1170 7.4351 .
292.132 210.169 2.1170 7.4351 .
295.307 210.169 2.1170 7.4351 .
298.425 210.169 2.1170 7.4351 .
301.543 210.169 2.1170 7.4351 .
304.717 210.169 2.1170 7.4351 .
307.835 210.169 2.1170 7.4351 .
310.953 210.169 2.1170 7.4351 .
314.128 210.169 2.1170 7.4351 .
317.246 210.169 2.1170 7.4351 .
320.364 210.169 2.1170 7.4351 .
323.539 210.169 2.1170 7.4351 .
326.657 210.169 2.1170 7.4351 .
329.775 210.169 2.1170 7.4351 .
332.950 210.169 2.1170 7.4351 .
336.068 210.169 2.1170 7.4351 .
339.186 210.169 2.1170 7.4351 .
342.360 210.169 2.1170 7.4351 .
345.478 210.169 2.1170 7.4351 .
348.596 210.169 2.1170 7.4351 .
351.771 210.169 2.1170 7.4351 .
354.889 210.169 2.1170 7.4351 .
358.007 210.169 2.1170 7.4351 .
361.182 210.169 2.1170 7.4351 .
364.300 210.169 2.1170 7.4351 .
367.418 210.169 2.1170 7.4351 .
377.055 210.169 8.4682 7.4351 19

54.5952 220.147 4.2341 7.4351 6
67.2941 220.147 33.5087 7.4351 Solubility
103.237 220.147 7.0540 7.4351 of
112.648 220.147 32.0775 7.4351 Cellulose
146.777 220.147 2.1170 7.4351 .
149.895 220.147 2.1170 7.4351 .
153.070 220.147 2.1170 7.4351 .
156.188 220.147 2.1170 7.4351 .
159.362 220.147 2.1170 7.4351 .
162.537 220.147 2.1170 7.4351 .
165.655 220.147 2.1170 7.4351 .
168.830 220.147 2.1170 7.4351 .
171.948 220.147 2.1170 7.4351 .
175.123 220.147 2.1170 7.4351 .
178.297 220.147 2.1170 7.4351 .
181.415 220.147 2.1170 7.4351 .
184.590 220.147 2.1170 7.4351 .
187.708 220.147 2.1170 7.4351 .
190.883 220.147 2.1170 7.4351 .
194.058 220.147 2.1170 7.4351 .
197.176 220.147 2.1170 7.4351 .
200.350 220.147 2.1170 7.4351 .
203.468 220.147 2.1170 7.4351 .
206.643 220.147 2.1170 7.4351 .
209.818 220.147 2.1170 7.4351 .
212.936 220.147 2.1170 7.4351 .
216.110 220.147 2.1170 7.4351 .
219.285 220.147 2.1170 7.4351 .
222.403 220.147 2.1170 7.4351 .
225.578 220.147 2.1170 7.4351 .
228.696 220.147 2.1170 7.4351 .
231.871 220.147 2.1170 7.4351 .
235.045 220.147 2.1170 7.4351 .
238.163 220.147 2.1170 7.4351 .
241.338 220.147 2.1170 7.4351 .
244.456 220.147 2.1170 7.4351 .
247.631 220.147 2.1170 7.4351 .
250.805 220.147 2.1170 7.4351 .
253.923 220.147 2.1170 7.4351 .
257.098 220.147 2.1170 7.4351 .
260.216 220.147 2.1170 7.4351 .
263.391 220.147 2.1170 7.4351 .
266.566 220.147 2.1170 7.4351 .
269.684 220.147 2.1170 7.4351 .
272.858 220.147 2.1170 7.4351 .
276.033 220.147 2.1170 7.4351 .
279.151 220.147 2.1170 7.4351 .
282.326 220.147 2.1170 7.4351 .
285.444 220.147 2.1170 7.4351 .
288.619 220.147 2.1170 7.4351 .
291.793 220.147 2.1170 7.4351 .
294.911 220.147 2.1170 7.4351 .
298.086 220.147 2.1170 7.4351 .
301.204 220.147 2.1170 7.4351 .
304.379 220.147 2.1170 7.4351 .
307.553 220.147 2.1170 7.4351 .
310.671 220.147 2.1170 7.4351 .
313.846 220.147 2.1170 7.4351 .
316.964 220.147 2.1170 7.4351 .
320.139 220.147 2.1170 7.4351 .
323.314 220.147 2.1170 7.4351 .
326.432 220.147 2.1170 7.4351 .
329.606 220.147 2.1170 7.4351 .
332.724 220.147 2.1170 7.4351 .
335.899 220.147 2.1170 7.4351 .
339.074 220.147 2.1170 7.4351 .
342.192 220.147 2.1170 7.4351 .
345.366 220.147 2.1170 7.4351 .
348.541 220.147 2.1170 7.4351 .
351.659 220.147 2.1170 7.4351 .
354.834 220.147 2.1170 7.4351 .
357.952 220.147 2.1170 7.4351 .
361.127 220.147 2.1170 7.4351 .
364.301 220.147 2.1170 7.4351 .
367.419 220.147 2.1170 7.4351 .
377.057 220.147 8.4682 7.4351 21

67.2941 230.125 10.5852 7.4351 6.1
86.3992 230.125 17.8933 7.4351 Polar
106.638 230.125 25.9127 7.4351 Aprotic
134.984 230.125 29.1814 7.4351 Solvents
166.562 230.125 6.6137 7.4351 in
175.520 230.125 44.3480 7.4351 Combination
222.291 230.125 15.0734 7.4351 with
239.753 230.125 40.6220 7.4351 Electrolytes
282.386 230.125 2.1170 7.4351 .
285.561 230.125 2.1170 7.4351 .
288.679 230.125 2.1170 7.4351 .
291.853 230.125 2.1170 7.4351 .
294.971 230.125 2.1170 7.4351 .
298.146 230.125 2.1170 7.4351 .
301.321 230.125 2.1170 7.4351 .
304.439 230.125 2.1170 7.4351 .
307.614 230.125 2.1170 7.4351 .
310.732 230.125 2.1170 7.4351 .
313.906 230.125 2.1170 7.4351 .
317.024 230.125 2.1170 7.4351 .
320.199 230.125 2.1170 7.4351 .
323.317 230.125 2.1170 7.4351 .
326.492 230.125 2.1170 7.4351 .
329.666 230.125 2.1170 7.4351 .
332.784 230.125 2.1170 7.4351 .
335.959 230.125 2.1170 7.4351 .
339.077 230.125 2.1170 7.4351 .
342.252 230.125 2.1170 7.4351 .
345.370 230.125 2.1170 7.4351 .
348.545 230.125 2.1170 7.4351 .
351.719 230.125 2.1170 7.4351 .
354.837 230.125 2.1170 7.4351 .
358.012 230.125 2.1170 7.4351 .
361.130 230.125 2.1170 7.4351 .
364.305 230.125 2.1170 7.4351 .
367.423 230.125 2.1170 7.4351 .
377.060 230.125 8.4682 7.4351 22

67.2941 240.103 10.5852 7.4351 6.2
86.3992 240.103 17.4530 7.4351 Ionic
106.185 240.103 25.9212 7.4351 Liquids
134.134 240.103 2.1170 7.4351 .
137.309 240.103 2.1170 7.4351 .
140.427 240.103 2.1170 7.4351 .
143.601 240.103 2.1170 7.4351 .
146.776 240.103 2.1170 7.4351 .
149.894 240.103 2.1170 7.4351 .
153.069 240.103 2.1170 7.4351 .
156.187 240.103 2.1170 7.4351 .
159.362 240.103 2.1170 7.4351 .
162.536 240.103 2.1170 7.4351 .
165.654 240.103 2.1170 7.4351 .
168.829 240.103 2.1170 7.4351 .
171.947 240.103 2.1170 7.4351 .
175.122 240.103 2.1170 7.4351 .
178.297 240.103 2.1170 7.4351 .
181.415 240.103 2.1170 7.4351 .
184.589 240.103 2.1170 7.4351 .
187.764 240.103 2.1170 7.4351 .
190.882 240.103 2.1170 7.4351 .
194.057 240.103 2.1170 7.4351 .
197.175 240.103 2.1170 7.4351 .
200.349 240.103 2.1170 7.4351 .
203.524 240.103 2.1170 7.4351 .
206.642 240.103 2.1170 7.4351 .
209.817 240.103 2.1170 7.4351 .
212.935 240.103 2.1170 7.4351 .
216.110 240.103 2.1170 7.4351 .
219.284 240.103 2.1170 7.4351 .
222.402 240.103 2.1170 7.4351 .
225.577 240.103 2.1170 7.4351 .
228.695 240.103 2.1170 7.4351 .
231.870 240.103 2.1170 7.4351 .
235.044 240.103 2.1170 7.4351 .
238.162 240.103 2.1170 7.4351 .
241.337 240.103 2.1170 7.4351 .
244.512 240.103 2.1170 7.4351 .
247.630 240.103 2.1170 7.4351 .
250.805 240.103 2.1170 7.4351 .
253.923 240.103 2.1170 7.4351 .
257.097 240.103 2.1170 7.4351 .
260.272 240.103 2.1170 7.4351 .
263.390 240.103 2.1170 7.4351 .
266.565 240.103 2.1170 7.4351 .
269.683 240.103 2.1170 7.4351 .
272.858 240.103 2.1170 7.4351 .
276.032 240.103 2.1170 7.4351 .
279.150 240.103 2.1170 7.4351 .
282.325 240.103 2.1170 7.4351 .
285.443 240.103 2.1170 7.4351 .
288.618 240.103 2.1170 7.4351 .
291.792 240.103 2.1170 7.4351 .
294.910 240.103 2.1170 7.4351 .
298.085 240.103 2.1170 7.4351 .
301.203 240.103 2.1170 7.4351 .
304.378 240.103 2.1170 7.4351 .
307.553 240.103 2.1170 7.4351 .
310.671 240.103 2.1170 7.4351 .
313.845 240.103 2.1170 7.4351 .
317.020 240.103 2.1170 7.4351 .
320.138 240.103 2.1170 7.4351 .
323.313 240.103 2.1170 7.4351 .
326.431 240.103 2.1170 7.4351 .
329.605 240.103 2.1170 7.4351 .
332.780 240.103 2.1170 7.4351 .
335.898 240.103 2.1170 7.4351 .
339.073 240.103 2.1170 7.4351 .
342.191 240.103 2.1170 7.4351 .
345.366 240.103 2.1170 7.4351 .
348.540 240.103 2.1170 7.4351 .
351.658 240.103 2.1170 7.4351 .
354.833 240.103 2.1170 7.4351 .
357.951 240.103 2.1170 7.4351 .
361.126 240.103 2.1170 7.4351 .
364.301 240.103 2.1170 7.4351 .
367.419 240.103 2.1170 7.4351 .
377.056 240.103 8.4682 7.4351 26

67.2941 250.024 10.5852 7.4351 6.3
86.3992 250.024 30.0621 7.4351 Aqueous
118.827 250.024 21.2382 7.4351 Alkali
142.468 250.024 62.6647 7.4351 (Base)-Containing
207.552 250.024 29.1814 7.4351 Solvents
238.732 250.024 2.1170 7.4351 .
241.907 250.024 2.1170 7.4351 .
245.025 250.024 2.1170 7.4351 .
248.200 250.024 2.1170 7.4351 .
251.318 250.024 2.1170 7.4351 .
254.436 250.024 2.1170 7.4351 .
257.611 250.024 2.1170 7.4351 .
260.729 250.024 2.1170 7.4351 .
263.847 250.024 2.1170 7.4351 .
267.021 250.024 2.1170 7.4351 .
270.139 250.024 2.1170 7.4351 .
273.257 250.024 2.1170 7.4351 .
276.432 250.024 2.1170 7.4351 .
279.550 250.024 2.1170 7.4351 .
282.725 250.024 2.1170 7.4351 .
285.843 250.024 2.1170 7.4351 .
288.961 250.024 2.1170 7.4351 .
292.135 250.024 2.1170 7.4351 .
295.253 250.024 2.1170 7.4351 .
298.371 250.024 2.1170 7.4351 .
301.546 250.024 2.1170 7.4351 .
304.664 250.024 2.1170 7.4351 .
307.782 250.024 2.1170 7.4351 .
310.957 250.024 2.1170 7.4351 .
314.075 250.024 2.1170 7.4351 .
317.250 250.024 2.1170 7.4351 .
320.368 250.024 2.1170 7.4351 .
323.486 250.024 2.1170 7.4351 .
326.660 250.024 2.1170 7.4351 .
329.778 250.024 2.1170 7.4351 .
332.896 250.024 2.1170 7.4351 .
336.071 250.024 2.1170 7.4351 .
339.189 250.024 2.1170 7.4351 .
342.307 250.024 2.1170 7.4351 .
345.482 250.024 2.1170 7.4351 .
348.600 250.024 2.1170 7.4351 .
351.774 250.024 2.1170 7.4351 .
354.892 250.024 2.1170 7.4351 .
358.010 250.024 2.1170 7.4351 .
361.185 250.024 2.1170 7.4351 .
364.303 250.024 2.1170 7.4351 .
367.421 250.024 2.1170 7.4351 .
377.059 250.024 8.4682 7.4351 28

54.5952 260.002 4.2341 7.4351 7
67.2941 260.002 32.6026 7.4351 Chemical
102.330 260.002 34.9821 7.4351 Reactivity
139.350 260.002 2.1170 7.4351 .
142.468 260.002 2.1170 7.4351 .
145.586 260.002 2.1170 7.4351 .
148.704 260.002 2.1170 7.4351 .
151.822 260.002 2.1170 7.4351 .
154.997 260.002 2.1170 7.4351 .
158.115 260.002 2.1170 7.4351 .
161.233 260.002 2.1170 7.4351 .
164.351 260.002 2.1170 7.4351 .
167.469 260.002 2.1170 7.4351 .
170.587 260.002 2.1170 7.4351 .
173.705 260.002 2.1170 7.4351 .
176.823 260.002 2.1170 7.4351 .
179.941 260.002 2.1170 7.4351 .
183.116 260.002 2.1170 7.4351 .
186.234 260.002 2.1170 7.4351 .
189.352 260.002 2.1170 7.4351 .
192.470 260.002 2.1170 7.4351 .
195.588 260.002 2.1170 7.4351 .
198.706 260.002 2.1170 7.4351 .
201.824 260.002 2.1170 7.4351 .
204.942 260.002 2.1170 7.4351 .
208.060 260.002 2.1170 7.4351 .
211.234 260.002 2.1170 7.4351 .
214.352 260.002 2.1170 7.4351 .
217.470 260.002 2.1170 7.4351 .
220.588 260.002 2.1170 7.4351 .
223.706 260.002 2.1170 7.4351 .
226.824 260.002 2.1170 7.4351 .
229.942 260.002 2.1170 7.4351 .
233.060 260.002 2.1170 7.4351 .
236.235 260.002 2.1170 7.4351 .
239.353 260.002 2.1170 7.4351 .
242.471 260.002 2.1170 7.4351 .
245.589 260.002 2.1170 7.4351 .
248.707 260.002 2.1170 7.4351 .
251.825 260.002 2.1170 7.4351 .
254.943 260.002 2.1170 7.4351 .
258.061 260.002 2.1170 7.4351 .
261.179 260.002 2.1170 7.4351 .
264.354 260.002 2.1170 7.4351 .
267.472 260.002 2.1170 7.4351 .
270.590 260.002 2.1170 7.4351 .
273.708 260.002 2.1170 7.4351 .
276.826 260.002 2.1170 7.4351 .
279.944 260.002 2.1170 7.4351 .
283.062 260.002 2.1170 7.4351 .
286.180 260.002 2.1170 7.4351 .
289.298 260.002 2.1170 7.4351 .
292.472 260.002 2.1170 7.4351 .
295.590 260.002 2.1170 7.4351 .
298.708 260.002 2.1170 7.4351 .
301.826 260.002 2.1170 7.4351 .
304.944 260.002 2.1170 7.4351 .
308.062 260.002 2.1170 7.4351 .
311.180 260.002 2.1170 7.4351 .
314.298 260.002 2.1170 7.4351 .
317.473 260.002 2.1170 7.4351 .
320.591 260.002 2.1170 7.4351 .
323.709 260.002 2.1170 7.4351 .
326.827 260.002 2.1170 7.4351 .
329.945 260.002 2.1170 7.4351 .
333.063 260.002 2.1170 7.4351 .
336.181 260.002 2.1170 7.4351 .
339.299 260.002 2.1170 7.4351 .
342.417 260.002 2.1170 7.4351 .
345.592 260.002 2.1170 7.4351 .
348.710 260.002 2.1170 7.4351 .
351.828 260.002 2.1170 7.4351 .
354.946 260.002 2.1170 7.4351 .
358.064 260.002 2.1170 7.4351 .
361.182 260.002 2.1170 7.4351 .
364.300 260.002 2.1170 7.4351 .
367.418 260.002 2.1170 7.4351 .
377.055 260.002 8.4682 7.4351 29

67.2941 269.980 10.5852 7.4351 7.1
86.3992 269.980 48.9293 7.4351 Homogeneous
137.706 269.980 43.8145 7.4351 Modiﬁcation
183.911 269.980 7.0540 7.4351 of
193.378 269.980 32.0775 7.4351 Cellulose
227.451 269.980 2.1170 7.4351 .
230.626 269.980 2.1170 7.4351 .
233.800 269.980 2.1170 7.4351 .
237.032 269.980 2.1170 7.4351 .
240.207 269.980 2.1170 7.4351 .
243.381 269.980 2.1170 7.4351 .
246.556 269.980 2.1170 7.4351 .
249.731 269.980 2.1170 7.4351 .
252.906 269.980 2.1170 7.4351 .
256.080 269.980 2.1170 7.4351 .
259.255 269.980 2.1170 7.4351 .
262.430 269.980 2.1170 7.4351 .
265.661 269.980 2.1170 7.4351 .
268.836 269.980 2.1170 7.4351 .
272.011 269.980 2.1170 7.4351 .
275.185 269.980 2.1170 7.4351 .
278.360 269.980 2.1170 7.4351 .
281.535 269.980 2.1170 7.4351 .
284.710 269.980 2.1170 7.4351 .
287.884 269.980 2.1170 7.4351 .
291.116 269.980 2.1170 7.4351 .
294.291 269.980 2.1170 7.4351 .
297.465 269.980 2.1170 7.4351 .
300.640 269.980 2.1170 7.4351 .
303.815 269.980 2.1170 7.4351 .
306.989 269.980 2.1170 7.4351 .
310.164 269.980 2.1170 7.4351 .
313.339 269.980 2.1170 7.4351 .
316.514 269.980 2.1170 7.4351 .
319.745 269.980 2.1170 7.4351 .
322.920 269.980 2.1170 7.4351 .
326.095 269.980 2.1170 7.4351 .
329.269 269.980 2.1170 7.4351 .
332.444 269.980 2.1170 7.4351 .
335.619 269.980 2.1170 7.4351 .
338.793 269.980 2.1170 7.4351 .
341.968 269.980 2.1170 7.4351 .
345.143 269.980 2.1170 7.4351 .
348.374 269.980 2.1170 7.4351 .
351.549 269.980 2.1170 7.4351 .
354.724 269.980 2.1170 7.4351 .
357.899 269.980 2.1170 7.4351 .
361.073 269.980 2.1170 7.4351 .
364.248 269.980 2.1170 7.4351 .
367.423 269.980 2.1170 7.4351 .
377.060 269.980 8.4682 7.4351 30

67.2941 279.902 10.5852 7.4351 7.2
86.3992 279.902 23.5416 7.4351 Amino
112.307 279.902 32.0775 7.4351 Cellulose
146.380 279.902 2.1170 7.4351 .
149.555 279.902 2.1170 7.4351 .
152.729 279.902 2.1170 7.4351 .
155.904 279.902 2.1170 7.4351 .
159.022 279.902 2.1170 7.4351 .
162.197 279.902 2.1170 7.4351 .
165.372 279.902 2.1170 7.4351 .
168.490 279.902 2.1170 7.4351 .
171.664 279.902 2.1170 7.4351 .
174.839 279.902 2.1170 7.4351 .
177.957 279.902 2.1170 7.4351 .
181.132 279.902 2.1170 7.4351 .
184.306 279.902 2.1170 7.4351 .
187.481 279.902 2.1170 7.4351 .
190.599 279.902 2.1170 7.4351 .
193.774 279.902 2.1170 7.4351 .
196.949 279.902 2.1170 7.4351 .
200.067 279.902 2.1170 7.4351 .
203.241 279.902 2.1170 7.4351 .
206.416 279.902 2.1170 7.4351 .
209.534 279.902 2.1170 7.4351 .
212.709 279.902 2.1170 7.4351 .
215.883 279.902 2.1170 7.4351 .
219.058 279.902 2.1170 7.4351 .
222.176 279.902 2.1170 7.4351 .
225.351 279.902 2.1170 7.4351 .
228.526 279.902 2.1170 7.4351 .
231.644 279.902 2.1170 7.4351 .
234.818 279.902 2.1170 7.4351 .
237.993 279.902 2.1170 7.4351 .
241.111 279.902 2.1170 7.4351 .
244.286 279.902 2.1170 7.4351 .
247.461 279.902 2.1170 7.4351 .
250.635 279.902 2.1170 7.4351 .
253.753 279.902 2.1170 7.4351 .
256.928 279.902 2.1170 7.4351 .
260.103 279.902 2.1170 7.4351 .
263.221 279.902 2.1170 7.4351 .
266.395 279.902 2.1170 7.4351 .
269.570 279.902 2.1170 7.4351 .
272.688 279.902 2.1170 7.4351 .
275.863 279.902 2.1170 7.4351 .
279.038 279.902 2.1170 7.4351 .
282.212 279.902 2.1170 7.4351 .
285.330 279.902 2.1170 7.4351 .
288.505 279.902 2.1170 7.4351 .
291.680 279.902 2.1170 7.4351 .
294.798 279.902 2.1170 7.4351 .
297.973 279.902 2.1170 7.4351 .
301.147 279.902 2.1170 7.4351 .
304.265 279.902 2.1170 7.4351 .
307.440 279.902 2.1170 7.4351 .
310.615 279.902 2.1170 7.4351 .
313.789 279.902 2.1170 7.4351 .
316.907 279.902 2.1170 7.4351 .
320.082 279.902 2.1170 7.4351 .
323.257 279.902 2.1170 7.4351 .
326.375 279.902 2.1170 7.4351 .
329.550 279.902 2.1170 7.4351 .
332.724 279.902 2.1170 7.4351 .
335.842 279.902 2.1170 7.4351 .
339.017 279.902 2.1170 7.4351 .
342.192 279.902 2.1170 7.4351 .
345.366 279.902 2.1170 7.4351 .
348.484 279.902 2.1170 7.4351 .
351.659 279.902 2.1170 7.4351 .
354.834 279.902 2.1170 7.4351 .
357.952 279.902 2.1170 7.4351 .
361.127 279.902 2.1170 7.4351 .
364.301 279.902 2.1170 7.4351 .
367.419 279.902 2.1170 7.4351 .
377.057 279.902 8.4682 7.4351 33

67.2941 289.880 10.5852 7.4351 7.3
86.3992 289.880 33.4833 7.4351 Reactions
122.285 289.880 7.0540 7.4351 of
131.696 289.880 60.2089 7.4351 6-Deoxy-6-Azido
194.342 289.880 32.0775 7.4351 Cellulose
228.415 289.880 2.1170 7.4351 .
231.589 289.880 2.1170 7.4351 .
234.764 289.880 2.1170 7.4351 .
237.939 289.880 2.1170 7.4351 .
241.057 289.880 2.1170 7.4351 .
244.232 289.880 2.1170 7.4351 .
247.406 289.880 2.1170 7.4351 .
250.524 289.880 2.1170 7.4351 .
253.699 289.880 2.1170 7.4351 .
256.874 289.880 2.1170 7.4351 .
260.049 289.880 2.1170 7.4351 .
263.167 289.880 2.1170 7.4351 .
266.341 289.880 2.1170 7.4351 .
269.516 289.880 2.1170 7.4351 .
272.691 289.880 2.1170 7.4351 .
275.809 289.880 2.1170 7.4351 .
278.983 289.880 2.1170 7.4351 .
282.158 289.880 2.1170 7.4351 .
285.276 289.880 2.1170 7.4351 .
288.451 289.880 2.1170 7.4351 .
291.626 289.880 2.1170 7.4351 .
294.800 289.880 2.1170 7.4351 .
297.918 289.880 2.1170 7.4351 .
301.093 289.880 2.1170 7.4351 .
304.268 289.880 2.1170 7.4351 .
307.442 289.880 2.1170 7.4351 .
310.560 289.880 2.1170 7.4351 .
313.735 289.880 2.1170 7.4351 .
316.910 289.880 2.1170 7.4351 .
320.085 289.880 2.1170 7.4351 .
323.203 289.880 2.1170 7.4351 .
326.377 289.880 2.1170 7.4351 .
329.552 289.880 2.1170 7.4351 .
332.670 289.880 2.1170 7.4351 .
335.845 289.880 2.1170 7.4351 .
339.020 289.880 2.1170 7.4351 .
342.194 289.880 2.1170 7.4351 .
345.312 289.880 2.1170 7.4351 .
348.487 289.880 2.1170 7.4351 .
351.662 289.880 2.1170 7.4351 .
354.836 289.880 2.1170 7.4351 .
357.954 289.880 2.1170 7.4351 .
361.129 289.880 2.1170 7.4351 .
364.304 289.880 2.1170 7.4351 .
367.422 289.880 2.1170 7.4351 .
377.060 289.880 8.4682 7.4351 37

67.2941 299.858 10.5852 7.4351 7.4
86.3992 299.858 32.0775 7.4351 Cellulose
120.868 299.858 34.8975 7.4351 Carbonate
158.172 299.858 7.0455 7.4351 as
167.583 299.858 29.7742 7.4351 Reactive
199.785 299.858 43.0015 7.4351 Intermediate
244.856 299.858 2.1170 7.4351 .
247.974 299.858 2.1170 7.4351 .
251.092 299.858 2.1170 7.4351 .
254.266 299.858 2.1170 7.4351 .
257.384 299.858 2.1170 7.4351 .
260.559 299.858 2.1170 7.4351 .
263.677 299.858 2.1170 7.4351 .
266.852 299.858 2.1170 7.4351 .
269.970 299.858 2.1170 7.4351 .
273.145 299.858 2.1170 7.4351 .
276.263 299.858 2.1170 7.4351 .
279.437 299.858 2.1170 7.4351 .
282.555 299.858 2.1170 7.4351 .
285.673 299.858 2.1170 7.4351 .
288.848 299.858 2.1170 7.4351 .
291.966 299.858 2.1170 7.4351 .
295.141 299.858 2.1170 7.4351 .
298.259 299.858 2.1170 7.4351 .
301.433 299.858 2.1170 7.4351 .
304.551 299.858 2.1170 7.4351 .
307.726 299.858 2.1170 7.4351 .
310.844 299.858 2.1170 7.4351 .
314.019 299.858 2.1170 7.4351 .
317.137 299.858 2.1170 7.4351 .
320.255 299.858 2.1170 7.4351 .
323.430 299.858 2.1170 7.4351 .
326.548 299.858 2.1170 7.4351 .
329.722 299.858 2.1170 7.4351 .
332.840 299.858 2.1170 7.4351 .
336.015 299.858 2.1170 7.4351 .
339.133 299.858 2.1170 7.4351 .
342.308 299.858 2.1170 7.4351 .
345.426 299.858 2.1170 7.4351 .
348.600 299.858 2.1170 7.4351 .
351.718 299.858 2.1170 7.4351 .
354.836 299.858 2.1170 7.4351 .
358.011 299.858 2.1170 7.4351 .
361.129 299.858 2.1170 7.4351 .
364.304 299.858 2.1170 7.4351 .
367.422 299.858 2.1170 7.4351 .
377.060 299.858 8.4682 7.4351 42

54.5952 309.836 4.2341 7.4351 8
67.2941 309.836 41.8752 7.4351 Conclusions
111.231 309.836 2.1170 7.4351 .
114.349 309.836 2.1170 7.4351 .
117.467 309.836 2.1170 7.4351 .
120.585 309.836 2.1170 7.4351 .
123.703 309.836 2.1170 7.4351 .
126.821 309.836 2.1170 7.4351 .
129.939 309.836 2.1170 7.4351 .
133.114 309.836 2.1170 7.4351 .
136.232 309.836 2.1170 7.4351 .
139.350 309.836 2.1170 7.4351 .
142.468 309.836 2.1170 7.4351 .
145.586 309.836 2.1170 7.4351 .
148.704 309.836 2.1170 7.4351 .
151.822 309.836 2.1170 7.4351 .
154.940 309.836 2.1170 7.4351 .
158.058 309.836 2.1170 7.4351 .
161.232 309.836 2.1170 7.4351 .
164.350 309.836 2.1170 7.4351 .
167.468 309.836 2.1170 7.4351 .
170.586 309.836 2.1170 7.4351 .
173.704 309.836 2.1170 7.4351 .
176.822 309.836 2.1170 7.4351 .
179.940 309.836 2.1170 7.4351 .
183.058 309.836 2.1170 7.4351 .
186.233 309.836 2.1170 7.4351 .
189.351 309.836 2.1170 7.4351 .
192.469 309.836 2.1170 7.4351 .
195.587 309.836 2.1170 7.4351 .
198.705 309.836 2.1170 7.4351 .
201.823 309.836 2.1170 7.4351 .
204.941 309.836 2.1170 7.4351 .
208.059 309.836 2.1170 7.4351 .
211.177 309.836 2.1170 7.4351 .
214.352 309.836 2.1170 7.4351 .
217.470 309.836 2.1170 7.4351 .
220.588 309.836 2.1170 7.4351 .
223.706 309.836 2.1170 7.4351 .
226.824 309.836 2.1170 7.4351 .
229.942 309.836 2.1170 7.4351 .
233.060 309.836 2.1170 7.4351 .
236.178 309.836 2.1170 7.4351 .
239.296 309.836 2.1170 7.4351 .
242.470 309.836 2.1170 7.4351 .
245.588 309.836 2.1170 7.4351 .
248.706 309.836 2.1170 7.4351 .
251.824 309.836 2.1170 7.4351 .
254.942 309.836 2.1170 7.4351 .
258.060 309.836 2.1170 7.4351 .
261.178 309.836 2.1170 7.4351 .
264.296 309.836 2.1170 7.4351 .
267.471 309.836 2.1170 7.4351 .
270.589 309.836 2.1170 7.4351 .
273.707 309.836 2.1170 7.4351 .
276.825 309.836 2.1170 7.4351 .
279.943 309.836 2.1170 7.4351 .
283.061 309.836 2.1170 7.4351 .
286.179 309.836 2.1170 7.4351 .
289.297 309.836 2.1170 7.4351 .
292.415 309.836 2.1170 7.4351 .
295.590 309.836 2.1170 7.4351 .
298.708 309.836 2.1170 7.4351 .
301.826 309.836 2.1170 7.4351 .
304.944 309.836 2.1170 7.4351 .
308.062 309.836 2.1170 7.4351 .
311.180 309.836 2.1170 7.4351 .
314.298 309.836 2.1170 7.4351 .
317.415 309.836 2.1170 7.4351 .
320.533 309.836 2.1170 7.4351 .
323.708 309.836 2.1170 7.4351 .
326.826 309.836 2.1170 7.4351 .
329.944 309.836 2.1170 7.4351 .
333.062 309.836 2.1170 7.4351 .
336.180 309.836 2.1170 7.4351 .
339.298 309.836 2.1170 7.4351 .
342.416 309.836 2.1170 7.4351 .
345.534 309.836 2.1170 7.4351 .
348.652 309.836 2.1170 7.4351 .
351.827 309.836 2.1170 7.4351 .
354.945 309.836 2.1170 7.4351 .
358.063 309.836 2.1170 7.4351 .
361.181 309.836 2.1170 7.4351 .
364.299 309.836 2.1170 7.4351 .
367.417 309.836 2.1170 7.4351 .
377.054 309.836 8.4682 7.4351 43

53.8585 319.757 37.7004 7.4351 References
93.6006 319.757 2.1170 7.4351 .
96.7753 319.757 2.1170 7.4351 .
99.8933 319.757 2.1170 7.4351 .
103.068 319.757 2.1170 7.4351 .
106.186 319.757 2.1170 7.4351 .
109.360 319.757 2.1170 7.4351 .
112.478 319.757 2.1170 7.4351 .
115.653 319.757 2.1170 7.4351 .
118.771 319.757 2.1170 7.4351 .
121.946 319.757 2.1170 7.4351 .
125.064 319.757 2.1170 7.4351 .
128.238 319.757 2.1170 7.4351 .
131.356 319.757 2.1170 7.4351 .
134.531 319.757 2.1170 7.4351 .
137.649 319.757 2.1170 7.4351 .
140.824 319.757 2.1170 7.4351 .
143.999 319.757 2.1170 7.4351 .
147.117 319.757 2.1170 7.4351 .
150.291 319.757 2.1170 7.4351 .
153.409 319.757 2.1170 7.4351 .
156.584 319.757 2.1170 7.4351 .
159.702 319.757 2.1170 7.4351 .
162.877 319.757 2.1170 7.4351 .
165.995 319.757 2.1170 7.4351 .
169.169 319.757 2.1170 7.4351 .
172.287 319.757 2.1170 7.4351 .
175.462 319.757 2.1170 7.4351 .
178.580 319.757 2.1170 7.4351 .
181.755 319.757 2.1170 7.4351 .
184.873 319.757 2.1170 7.4351 .
188.048 319.757 2.1170 7.4351 .
191.166 319.757 2.1170 7.4351 .
194.340 319.757 2.1170 7.4351 .
197.458 319.757 2.1170 7.4351 .
200.633 319.757 2.1170 7.4351 .
203.751 319.757 2.1170 7.4351 .
206.926 319.757 2.1170 7.4351 .
210.044 319.757 2.1170 7.4351 .
213.219 319.757 2.1170 7.4351 .
216.337 319.757 2.1170 7.4351 .
219.511 319.757 2.1170 7.4351 .
222.686 319.757 2.1170 7.4351 .
225.804 319.757 2.1170 7.4351 .
228.979 319.757 2.1170 7.4351 .
232.097 319.757 2.1170 7.4351 .
235.271 319.757 2.1170 7.4351 .
238.389 319.757 2.1170 7.4351 .
241.564 319.757 2.1170 7.4351 .
244.682 319.757 2.1170 7.4351 .
247.857 319.757 2.1170 7.4351 .
250.975 319.757 2.1170 7.4351 .
254.150 319.757 2.1170 7.4351 .
257.268 319.757 2.1170 7.4351 .
260.442 319.757 2.1170 7.4351 .
263.560 319.757 2.1170 7.4351 .
266.735 319.757 2.1170 7.4351 .
269.853 319.757 2.1170 7.4351 .
273.028 319.757 2.1170 7.4351 .
276.146 319.757 2.1170 7.4351 .
279.320 319.757 2.1170 7.4351 .
282.438 319.757 2.1170 7.4351 .
285.613 319.757 2.1170 7.4351 .
288.731 319.757 2.1170 7.4351 .
291.906 319.757 2.1170 7.4351 .
295.024 319.757 2.1170 7.4351 .
298.199 319.757 2.1170 7.4351 .
301.373 319.757 2.1170 7.4351 .
304.491 319.757 2.1170 7.4351 .
307.666 319.757 2.1170 7.4351 .
310.784 319.757 2.1170 7.4351 .
313.959 319.757 2.1170 7.4351 .
317.077 319.757 2.1170 7.4351 .
320.251 319.757 2.1170 7.4351 .
323.369 319.757 2.1170 7.4351 .
326.544 319.757 2.1170 7.4351 .
329.662 319.757 2.1170 7.4351 .
332.837 319.757 2.1170 7.4351 .
335.955 319.757 2.1170 7.4351 .
339.130 319.757 2.1170 7.4351 .
342.248 319.757 2.1170 7.4351 .
345.422 319.757 2.1170 7.4351 .
348.540 319.757 2.1170 7.4351 .
351.715 319.757 2.1170 7.4351 .
354.833 319.757 2.1170 7.4351 .
358.008 319.757 2.1170 7.4351 .
361.126 319.757 2.1170 7.4351 .
364.301 319.757 2.1170 7.4351 .
367.419 319.757 2.1170 7.4351 .
377.056 319.757 8.4682 7.4351 44

53.8582 367.864 5.9776 10.6879 1
71.7729 367.864 65.0310 10.6879 Introduction

53.8582 397.172 37.8250 8.7472 Cellulose
95.7529 397.172 6.6351 8.7472 is
106.467 397.172 12.2341 8.7472 the
122.795 397.172 19.4669 8.7472 most
146.323 397.172 36.6933 8.7472 abundant
187.084 397.172 27.7857 8.7472 natural
219.001 397.172 33.2950 8.7472 polymer
256.417 397.172 7.7808 8.7472 in
268.323 397.172 12.2341 8.7472 the
284.650 397.172 41.3557 8.7472 biosphere,
330.061 397.172 17.7334 8.7472 with
351.887 397.172 4.4533 8.7472 a
360.448 397.172 24.9962 8.7472 global

53.8582 409.134 43.3403 8.7472 production
100.969 409.134 17.7334 8.7472 (and
122.512 409.134 62.2134 8.7472 decomposition)
188.558 409.134 8.2988 8.7472 of
200.577 409.134 17.9068 8.7472 ~1.5
220.138 408.257 7.6712 9.9626 Â
229.491 409.134 9.9626 8.7472 10
239.470 406.911 7.4718 5.8308 12
250.696 409.134 16.5977 8.7472 tons
271.105 409.134 12.7521 8.7472 per
287.659 409.134 19.6961 8.7472 year,
311.130 409.134 46.7306 8.7472 comparable
361.699 409.134 7.7808 8.7472 to
373.264 409.134 12.2341 8.7472 the

53.8589 421.096 37.3249 8.7472 planetary
94.9606 421.096 32.7481 8.7472 reserves
131.469 421.096 8.2988 8.7472 of
143.545 421.096 12.2341 8.7472 the
159.532 421.096 20.0149 8.7472 main
183.399 421.096 21.5690 8.7472 fossil
208.741 421.096 14.4159 8.7472 and
226.940 421.096 30.6629 8.7472 mineral
261.408 421.096 29.8579 8.7472 sources
295.084 421.096 14.1439 8.7472 [1].
313.001 421.096 8.2988 8.7472 In
325.076 421.096 32.7770 8.7472 addition
361.700 421.096 7.7808 8.7472 to
373.265 421.096 12.2341 8.7472 the

53.8589 433.001 54.9567 8.7472 long-standing
111.741 433.001 36.0746 8.7472 scientiﬁc
150.746 433.001 29.5391 8.7472 interest
183.174 433.001 7.7808 8.7472 in
193.832 433.001 38.1498 8.7472 cellulose,
234.820 433.001 12.2341 8.7472 the
249.957 433.001 13.2702 8.7472 use
266.115 433.001 8.2988 8.7472 of
277.340 433.001 35.5565 8.7472 cellulose
315.833 433.001 8.2889 8.7472 as
327.001 433.001 41.1316 8.7472 renewable
371.051 433.001 14.4159 8.7472 and

53.8589 444.963 56.7081 8.7472 biodegradable
114.405 444.963 14.9240 8.7472 raw
133.114 444.963 32.9593 8.7472 material
169.793 444.963 7.7808 8.7472 in
181.359 444.963 29.3498 8.7472 various
214.523 444.963 48.3943 8.7472 applications
266.736 444.963 6.6351 8.7472 is
277.111 444.963 4.4533 8.7472 a
285.332 444.963 36.5896 8.7472 proposed
325.696 444.963 32.2290 8.7472 solution
361.696 444.963 7.7808 8.7472 to
373.261 444.963 12.2341 8.7472 the

53.8589 456.925 24.4582 8.7472 recent
80.9582 456.925 37.8260 8.7472 industrial
121.436 456.925 38.3560 8.7472 challenge
162.481 456.925 7.7808 8.7472 to
172.856 456.925 48.8397 8.7472 successfully
224.276 456.925 19.5805 8.7472 meet
246.442 456.925 57.8678 8.7472 environmental
306.933 456.925 14.4159 8.7472 and
323.997 456.925 37.2203 8.7472 recycling
363.909 456.925 21.5790 8.7472 prob-

53.8589 468.887 18.8692 8.7472 lems
77.7831 468.887 14.0861 8.7472 [2].
96.8894 468.887 36.1652 8.7472 Versatile
138.047 468.887 43.3622 8.7472 structuring
186.349 468.887 8.2988 8.7472 of
199.672 468.887 35.5565 8.7472 cellulose
240.320 468.887 9.9626 8.7472 by
255.231 468.887 29.4455 8.7472 various
289.643 468.887 24.4462 8.7472 routes
319.067 468.887 8.2988 8.7472 of
332.333 468.887 53.0937 8.7472 modiﬁcation,

53.8599 480.849 37.8549 8.7472 including
94.7913 480.849 17.7434 8.7472 both
115.597 480.849 33.3628 8.7472 physical
152.050 480.849 14.4159 8.7472 and
169.568 480.849 36.2788 8.7472 chemical
208.912 480.849 36.3924 8.7472 methods,
248.370 480.849 13.2702 8.7472 has
264.755 480.849 31.1032 8.7472 enabled
298.997 480.849 9.4346 8.7472 its
311.526 480.849 13.2702 8.7472 use
327.854 480.849 7.7808 8.7472 in
338.739 480.849 4.4533 8.7472 a
346.279 480.849 27.7857 8.7472 variety
377.176 480.849 8.2988 8.7472 of

53.8599 492.812 48.4232 8.7472 applications
104.542 492.812 20.2241 8.7472 (e.g.,
126.992 492.812 25.2652 8.7472 ﬁllers,
154.488 492.812 33.3767 8.7472 building
190.091 492.812 14.4159 8.7472 and
206.758 492.812 29.4494 8.7472 coating
238.506 492.812 39.2855 8.7472 materials,
280.005 492.812 40.9284 8.7472 laminates,
323.204 492.812 28.5130 8.7472 papers,
353.988 492.812 31.4938 8.7472 textiles,

53.8599 504.774 27.2676 8.7472 optical
84.7569 504.774 22.4836 8.7472 ﬁlms,
110.779 504.774 32.7530 8.7472 sorption
147.118 504.774 26.9588 8.7472 media,
177.732 504.774 35.4669 8.7472 viscosity
216.850 504.774 42.5154 8.7472 regulators,
262.941 504.774 14.4159 8.7472 and
280.969 504.774 18.8692 8.7472 even
303.419 504.774 37.8370 8.7472 advanced
344.860 504.774 40.6295 8.7472 functional

53.8599 516.736 40.1124 8.7472 materials)
96.7758 516.736 14.1429 8.7472 [3].

65.8220 528.641 15.5516 8.7472 The
84.7569 528.641 29.0031 8.7472 earliest
117.128 528.641 42.2843 8.7472 systematic
162.765 528.641 26.1020 8.7472 efforts
192.244 528.641 15.0336 8.7472 that
210.669 528.641 16.6874 8.7472 lead
230.737 528.641 7.7808 8.7472 to
241.906 528.641 12.2341 8.7472 the
257.496 528.641 38.8492 8.7472 discovery
299.789 528.641 8.2988 8.7472 of
311.412 528.641 35.6422 8.7472 cellulose
350.472 528.641 23.8505 8.7472 began
377.684 528.641 7.7808 8.7472 in

53.8599 540.603 19.9252 8.7472 1837
75.9131 540.603 17.7334 8.7472 with
95.7556 540.603 12.2341 8.7472 the
110.098 540.603 20.4333 8.7472 work
132.662 540.603 8.2988 8.7472 of
143.037 540.603 12.2341 8.7472 the
157.380 540.603 27.7717 8.7472 French
187.257 540.603 31.1032 8.7472 chemist
220.535 540.603 35.4569 8.7472 Anselme
258.122 540.603 26.9409 8.7472 Payen,
287.148 540.603 17.1157 8.7472 who
306.367 540.603 30.4676 8.7472 showed
338.908 540.603 15.0336 8.7472 that
356.086 540.603 29.3498 8.7472 various

53.8599 552.565 20.0149 8.7472 plant
77.7841 552.565 36.6923 8.7472 materials
118.375 552.565 29.4494 8.7472 yielded
151.767 552.565 4.4533 8.7472 a
160.044 552.565 27.6602 8.7472 ﬁbrous
191.565 552.565 38.8651 8.7472 substance
234.253 552.565 18.3411 8.7472 after
256.477 552.565 46.1119 8.7472 puriﬁcation
306.480 552.565 17.7334 8.7472 with
328.137 552.565 57.3537 8.7472 acid-ammonia

53.8599 564.527 37.9406 8.7472 treatment
96.3783 564.527 14.4159 8.7472 and
115.426 564.527 40.1224 8.7472 extraction
160.156 564.527 17.7334 8.7472 with
182.494 564.527 24.7710 8.7472 water,
211.804 564.527 32.0258 8.7472 alcohol,
248.426 564.527 14.4159 8.7472 and
267.475 564.527 22.4956 8.7472 ether.
294.630 564.527 15.5516 8.7472 The
314.812 564.527 27.6861 8.7472 French
347.127 564.527 38.3729 8.7472 Academy

53.8599 576.489 25.5142 8.7472 ﬁnally
84.3036 576.489 26.7147 8.7472 named
115.937 576.489 12.2341 8.7472 the
133.115 576.489 34.9488 8.7472 resulting
173.026 576.489 52.2399 8.7472 carbohydrate
230.228 576.489 44.5527 8.7472 “cellulose”
279.721 576.489 14.1449 8.7472 [4].
298.772 576.489 44.5856 8.7472 Nowadays,
348.264 576.489 20.0049 8.7472 there
373.209 576.489 12.2241 8.7472 are

53.8599 588.452 29.3498 8.7472 various
87.7049 588.452 38.2474 8.7472 processes
130.336 588.452 18.2515 8.7472 used
153.070 588.452 7.7808 8.7472 to
165.259 588.452 26.1219 8.7472 isolate
195.873 588.452 38.1498 8.7472 cellulose,
238.449 588.452 11.6164 8.7472 for
254.492 588.452 36.4801 8.7472 example,
295.367 588.452 12.2341 8.7472 the
312.034 588.452 34.3052 8.7472 alkaline,
350.755 588.452 34.7097 8.7472 bisulﬁte,

53.8582 36.8575 4.2341 7.4351 2

351.722 36.8575 7.3165 7.4351 T.
361.416 36.8575 24.0497 7.4351 Heinze

53.8582 62.4003 14.4159 8.7472 and
71.6026 62.4003 26.7336 8.7472 sulfate
101.649 62.4003 28.8218 8.7472 (kraft-)
133.850 62.4003 40.7381 8.7472 processes,
177.900 62.4003 7.7808 8.7472 in
189.011 62.4003 50.0870 8.7472 combination
242.415 62.4003 17.7334 8.7472 with
263.505 62.4003 30.6669 8.7472 thermal
297.463 62.4003 14.4159 8.7472 and
315.264 62.4003 45.6088 8.7472 mechanical
364.303 62.4003 21.1406 8.7472 treat-

53.8582 74.3624 26.3411 8.7472 ments.
83.0546 74.3624 15.5516 8.7472 The
101.422 74.3624 34.4905 8.7472 different
138.725 74.3624 38.2116 8.7472 processes
179.828 74.3624 22.1867 8.7472 result
204.829 74.3624 7.7808 8.7472 in
215.430 74.3624 30.4955 8.7472 varying
248.765 74.3624 18.3152 8.7472 ﬁber
269.854 74.3624 36.0666 8.7472 strengths
308.745 74.3624 8.2988 8.7472 of
319.856 74.3624 12.2341 8.7472 the
334.937 74.3624 17.7434 8.7472 pulp
355.460 74.3624 10.8284 8.7472 [5,
369.069 74.3624 10.7975 8.7472 6].

65.8213 86.3245 15.5516 8.7472 The
83.5089 86.3245 15.0336 8.7472 aim
100.686 86.3245 8.2988 8.7472 of
111.061 86.3245 14.4159 8.7472 this
127.615 86.3245 27.1580 8.7472 review
156.982 86.3245 6.6351 8.7472 is
165.712 86.3245 7.7808 8.7472 to
175.577 86.3245 28.8098 8.7472 discuss
206.474 86.3245 12.2341 8.7472 the
220.874 86.3245 34.4208 8.7472 different
257.440 86.3245 37.8280 8.7472 structural
297.408 86.3245 23.3224 8.7472 levels
322.863 86.3245 8.3636 8.7472 of
333.295 86.3245 35.5565 8.7472 cellulose
371.052 86.3245 14.4159 8.7472 and

53.8592 98.2298 7.7808 8.7472 to
65.0273 98.2298 33.3657 8.7472 describe
101.763 98.2298 38.8940 8.7472 important
144.112 98.2298 39.9201 8.7472 properties
187.481 98.2298 15.0336 8.7472 that
205.906 98.2298 22.1867 8.7472 result
231.531 98.2298 19.3972 8.7472 from
254.321 98.2298 14.4159 8.7472 this
272.122 98.2298 27.2437 8.7472 unique
302.736 98.2298 37.5261 8.7472 structure.
343.611 98.2298 41.8917 8.7472 Moreover,

53.8592 110.191 37.8370 8.7472 advanced
96.7751 110.191 26.7316 8.7472 micro-
128.579 110.191 14.4159 8.7472 and
148.081 110.191 57.2162 8.7472 nanostructural
210.442 110.191 36.7949 8.7472 materials
252.337 110.191 22.7048 8.7472 based
280.172 110.191 9.9626 8.7472 on
295.196 110.191 35.5565 8.7472 cellulose
335.901 110.191 34.5025 8.7472 obtained
375.528 110.191 9.9626 8.7472 by

53.8592 122.154 33.2850 8.7472 physical
90.5385 122.154 14.4159 8.7472 and
108.282 122.154 41.1685 8.7472 hydrolytic
152.785 122.154 41.7762 8.7472 treatments
197.855 122.154 41.5640 8.7472 (top-down
242.755 122.154 48.2847 8.7472 approaches)
294.402 122.154 8.2889 8.7472 as
306.024 122.154 17.2054 8.7472 well
326.603 122.154 8.2889 8.7472 as
338.225 122.154 12.2341 8.7472 the
353.816 122.154 31.6412 8.7472 bottom-

53.8592 134.116 9.9626 8.7472 up
68.9964 134.116 45.0977 8.7472 elaboration
119.281 134.116 8.2988 8.7472 of
132.718 134.116 58.3480 8.7472 nanostructures
196.213 134.116 9.9626 8.7472 by
211.351 134.116 61.7791 8.7472 electrospinning
278.304 134.116 14.4159 8.7472 and
297.863 134.116 70.1905 8.7472 nanoprecipitation
373.206 134.116 12.2241 8.7472 are

53.8592 146.078 48.1014 8.7472 highlighted.
106.526 146.078 30.8044 8.7472 Finally,
141.902 146.078 14.4159 8.7472 one
160.894 146.078 8.2988 8.7472 of
173.707 146.078 12.2341 8.7472 the
190.488 146.078 19.3972 8.7472 most
214.412 146.078 38.9926 8.7472 important
257.952 146.078 21.0510 8.7472 paths
283.576 146.078 11.6164 8.7472 for
299.734 146.078 12.2341 8.7472 the
316.515 146.078 26.0323 8.7472 design
347.072 146.078 8.2988 8.7472 of
359.941 146.078 25.5242 8.7472 highly

53.8592 158.040 43.9600 8.7472 engineered
103.635 158.040 36.9045 8.7472 products,
146.380 158.040 29.4494 8.7472 namely
181.700 158.040 36.2758 8.7472 chemical
223.823 158.040 50.5971 8.7472 modiﬁcation
280.288 158.040 8.2988 8.7472 of
294.404 158.040 35.6631 8.7472 cellulose
335.902 158.040 49.5669 8.7472 (particularly

53.8592 170.002 22.7147 8.7472 under
80.9017 170.002 55.4747 8.7472 homogeneous
140.655 170.002 36.0746 8.7472 reactions
181.076 170.002 47.5067 8.7472 conditions),
232.836 170.002 6.6351 8.7472 is
243.721 170.002 48.9064 8.7472 summarized
296.955 170.002 17.7334 8.7472 with
318.952 170.002 53.9136 8.7472 consideration
377.175 170.002 8.2988 8.7472 of

53.8592 181.964 13.2801 8.7472 our
70.7538 181.964 17.1157 8.7472 own
91.5029 181.964 33.2651 8.7472 research
128.409 181.964 7.7808 8.7472 in
139.804 181.964 12.2341 8.7472 the
155.622 181.964 17.7334 8.7472 ﬁeld
176.994 181.964 8.2988 8.7472 of
188.900 181.964 36.2788 8.7472 chemical
228.754 181.964 50.5971 8.7472 modiﬁcation
282.952 181.964 8.2988 8.7472 of
294.857 181.964 35.5565 8.7472 cellulose
334.088 181.964 9.9626 8.7472 by
347.637 181.964 37.8370 8.7472 advanced

53.8592 193.869 30.0432 8.7472 organic
86.6840 193.869 41.9944 8.7472 chemistry.

53.8582 240.418 5.9776 10.6879 2
71.7729 240.418 39.8105 10.6879 Sources
115.030 240.418 9.9586 10.6879 of
128.352 240.418 46.5292 10.6879 Cellulose

53.8582 269.726 37.8250 8.7472 Cellulose
96.2630 269.726 6.6351 8.7472 is
107.487 269.726 42.8262 8.7472 distributed
154.882 269.726 43.8554 8.7472 throughout
203.354 269.726 24.9862 8.7472 nature
233.003 269.726 7.7808 8.7472 in
245.362 269.726 26.3411 8.7472 plants,
276.316 269.726 33.7085 8.7472 animals,
314.583 269.726 23.6313 8.7472 algae,
342.873 269.726 23.5516 8.7472 fungi,
371.049 269.726 14.4159 8.7472 and

53.8582 281.688 34.5025 8.7472 minerals
91.4451 281.688 19.1581 8.7472 (Fig.
113.668 281.688 10.7975 8.7472 1).
127.558 281.688 39.0863 8.7472 However,
169.737 281.688 12.2341 8.7472 the
185.100 281.688 23.3324 8.7472 major
211.576 281.688 26.0223 8.7472 source
240.772 281.688 8.2988 8.7472 of
252.167 281.688 35.5565 8.7472 cellulose
290.888 281.688 6.6351 8.7472 is
300.639 281.688 20.0149 8.7472 plant
323.769 281.688 20.7421 8.7472 ﬁber.
347.637 281.688 37.8180 8.7472 Cellulose

53.8582 293.650 44.4651 8.7472 contributes
101.763 293.650 57.9285 8.7472 approximately
163.105 293.650 18.3262 8.7472 40%
184.875 293.650 7.7808 8.7472 to
196.100 293.650 12.2341 8.7472 the
211.804 293.650 27.1680 8.7472 carbon
242.475 293.650 31.1032 8.7472 fraction
277.057 293.650 7.7808 8.7472 in
288.282 293.650 26.4168 8.7472 plants,
318.159 293.650 29.3498 8.7472 serving
350.983 293.650 8.2889 8.7472 as
362.718 293.650 22.7048 8.7472 struc-

53.8582 305.612 23.8604 8.7472 turing
81.3540 305.612 31.8186 8.7472 element
116.787 305.612 25.5142 8.7472 within
145.926 305.612 12.2341 8.7472 the
161.800 305.612 34.5174 8.7472 complex
199.897 305.612 47.3483 8.7472 architecture
250.919 305.612 8.2988 8.7472 of
262.824 305.612 18.3511 8.7472 their
284.821 305.612 14.5055 8.7472 cell
302.963 305.612 23.5317 8.7472 walls.
330.118 305.612 37.8180 8.7472 Cellulose
371.559 305.612 13.8879 8.7472 can

53.8582 317.574 22.1867 8.7472 occur
80.5600 317.574 7.7808 8.7472 in
92.8618 317.574 17.7334 8.7472 pure
115.085 317.574 19.3972 8.7472 form
139.009 317.574 7.7808 8.7472 in
151.311 317.574 23.8505 8.7472 plants
179.713 317.574 12.7621 8.7472 but
196.948 317.574 5.5990 8.7472 it
207.039 317.574 6.6351 8.7472 is
218.207 317.574 28.8318 8.7472 usually
251.542 317.574 52.9064 8.7472 accompanied
308.971 317.574 9.9626 8.7472 by
323.428 317.574 62.0022 8.7472 hemicelluloses,

53.8582 569.419 13.9302 7.5706 Fig.
71.2062 569.419 4.2341 7.5706 1
81.4112 569.487 31.6372 7.4351 Selection
116.504 569.487 7.0540 7.4351 of
126.935 569.487 33.0599 7.4351 important
163.446 569.487 30.2230 7.4351 cellulose
197.121 569.487 27.7588 7.4351 sources:
228.303 569.487 9.8485 7.4351 (a)
241.567 569.487 15.0734 7.4351 hard
260.049 569.487 18.7825 7.4351 wood
282.273 569.487 22.6440 7.4351 (beech
308.352 569.487 17.7070 7.4351 tree),
329.499 569.487 10.3033 7.4351 (b)
343.218 569.487 29.4524 7.4351 bamboo,
376.043 569.487 9.4522 7.4351 (c)

53.8574 579.465 23.3638 7.4351 cotton,
80.5034 579.465 10.3033 7.4351 (d)
94.0525 579.465 17.1820 7.4351 sisal,
114.461 579.465 9.4539 7.4351 (e)
127.161 579.465 29.5286 7.4351 tunicine,
159.986 579.465 12.2535 7.4351 and
175.464 579.465 8.4885 7.4351 (f)
187.198 579.482 65.0442 7.4520 Gluconacetobacter
255.514 579.482 26.8781 7.4520 xylinum
285.673 579.465 40.9861 7.4351 (reproduced
329.951 579.465 15.0734 7.4351 with
348.262 579.465 37.2008 7.4351 permission

53.8565 589.443 16.4876 7.4351 from
72.7355 589.443 30.1468 7.4351 Schubert
105.277 589.443 6.1648 7.4351 et
113.837 589.443 8.2819 7.4351 al.
124.495 589.443 12.6693 7.4351 [7])

53.8557 36.9721 34.4571 7.4351 Cellulose:
90.7059 36.9721 31.1122 7.4351 Structure
124.211 36.9721 12.2535 7.4351 and
138.895 36.9721 34.3724 7.4351 Properties

381.256 36.9721 4.2341 7.4351 3

53.8582 62.4003 29.7404 8.7472 lignins,
87.1373 62.4003 14.4159 8.7472 and
105.108 62.4003 47.2875 8.7472 comparably
155.905 62.4003 21.7563 8.7472 small
181.190 62.4003 33.8131 8.7472 amounts
218.606 62.4003 8.2988 8.7472 of
230.455 62.4003 45.8180 8.7472 extractives.
279.890 62.4003 24.3785 8.7472 Wood
307.839 62.4003 33.3608 8.7472 contains
344.746 62.4003 22.1967 8.7472 about
370.541 62.4003 14.9439 8.7472 40–

53.8582 74.3624 9.9626 8.7472 50
67.8616 74.3624 18.2515 8.7472 wt%
90.1988 74.3624 38.1498 8.7472 cellulose.
132.377 74.3624 48.9174 8.7472 Comparable
185.384 74.3624 33.8888 8.7472 amounts
223.311 74.3624 13.8879 8.7472 can
241.282 74.3624 9.4346 8.7472 be
254.774 74.3624 23.2427 8.7472 found
282.100 74.3624 7.7808 8.7472 in
293.948 74.3624 31.0793 8.7472 bagasse
329.041 74.3624 28.2240 8.7472 (35–45
361.355 74.3624 24.1414 8.7472 wt%),

53.8582 86.3245 32.2499 8.7472 bamboo
89.3470 86.3245 28.2240 8.7472 (40–55
120.867 86.3245 24.0597 8.7472 wt%),
148.193 86.3245 21.5591 8.7472 straw
173.080 86.3245 28.2240 8.7472 (40–50
204.601 86.3245 24.0597 8.7472 wt%),
231.926 86.3245 14.4159 8.7472 and
249.614 86.3245 18.8692 8.7472 even
271.781 86.3245 25.5979 8.7472 higher
300.637 86.3245 7.7808 8.7472 in
311.636 86.3245 14.9339 8.7472 ﬂax
329.891 86.3245 28.2240 8.7472 (70–80
361.354 86.3245 24.1414 8.7472 wt%),

53.8582 98.2298 22.1967 8.7472 hemp
79.2001 98.2298 28.2240 8.7472 (75–80
110.550 98.2298 24.1473 8.7472 wt%),
137.763 98.2298 15.0336 8.7472 jute
155.961 98.2298 28.2240 8.7472 (60–65
187.312 98.2298 24.1473 8.7472 wt%),
214.525 98.2298 24.3785 8.7472 kapok
242.077 98.2298 28.2240 8.7472 (70–75
273.427 98.2298 24.1473 8.7472 wt%),
300.640 98.2298 14.4159 8.7472 and
318.215 98.2298 22.8044 8.7472 ramie
344.180 98.2298 28.2240 8.7472 (70–75
375.530 98.2298 9.9526 8.7472 wt

53.8582 110.191 14.1070 8.7472 %).
70.9221 110.191 27.1780 8.7472 Cotton
101.026 110.191 6.6351 8.7472 is
110.607 110.191 4.4533 8.7472 a
117.977 110.191 21.6687 8.7472 fairly
142.582 110.191 17.7334 8.7472 pure
163.274 110.191 35.6711 8.7472 cellulose
201.824 110.191 28.6006 8.7472 source,
233.345 110.191 42.2982 8.7472 containing
278.585 110.191 20.5329 8.7472 more
302.056 110.191 17.2154 8.7472 than
322.238 110.191 9.9626 8.7472 90
335.108 110.191 18.2515 8.7472 wt%
356.311 110.191 14.0871 8.7472 [8].
373.320 110.191 12.1344 8.7472 An

53.8582 122.154 43.3194 8.7472 impressive
99.8356 122.154 29.9775 8.7472 amount
132.490 122.154 8.2988 8.7472 of
143.431 122.154 35.5565 8.7472 cellulose
181.699 122.154 6.6351 8.7472 is
190.940 122.154 37.1954 8.7472 produced
230.796 122.154 18.3411 8.7472 each
251.829 122.154 19.6961 8.7472 year,
274.166 122.154 12.7621 8.7472 not
289.586 122.154 17.7434 8.7472 only
309.995 122.154 7.7808 8.7472 in
320.370 122.154 22.0970 8.7472 wood
345.144 122.154 18.2515 8.7472 ﬁber
366.064 122.154 19.3972 8.7472 from

53.8582 134.116 18.8592 8.7472 trees
75.4013 134.116 14.7148 8.7472 (ca.
92.8060 134.116 39.8504 8.7472 1,750,000
135.325 134.116 7.7808 8.7472 kt
145.757 134.116 23.2328 8.7472 world
171.666 134.116 46.6578 8.7472 production)
220.987 134.116 12.7621 8.7472 but
236.407 134.116 16.0697 8.7472 also
255.116 134.116 7.7808 8.7472 in
265.548 134.116 26.6500 8.7472 annual
294.858 134.116 23.9262 8.7472 plants
321.390 134.116 18.2515 8.7472 such
342.367 134.116 8.2889 8.7472 as
353.252 134.116 32.2240 8.7472 bamboo

53.8582 146.078 30.7765 8.7472 (10,000
87.5906 146.078 13.6587 8.7472 kt),
104.201 146.078 24.9962 8.7472 cotton
132.263 146.078 24.9862 8.7472 linters
160.269 146.078 30.7765 8.7472 (18,450
194.002 146.078 13.6587 8.7472 kt),
210.612 146.078 15.0336 8.7472 jute
228.697 146.078 25.7334 8.7472 (2,300
257.440 146.078 13.5890 8.7472 kt),
274.051 146.078 14.9339 8.7472 ﬂax
291.966 146.078 18.2614 8.7472 (830
313.282 146.078 13.5890 8.7472 kt),
329.836 146.078 17.7972 8.7472 sisal
350.585 146.078 18.2614 8.7472 (378
371.901 146.078 13.5890 8.7472 kt),

53.8582 158.040 22.1967 8.7472 hemp
79.3694 158.040 18.2614 8.7472 (214
100.912 158.040 13.5890 8.7472 kt),
117.807 158.040 14.4159 8.7472 and
135.494 158.040 22.8044 8.7472 ramie
161.629 158.040 18.2614 8.7472 (100
183.172 158.040 11.0983 8.7472 kt)
197.515 158.040 14.1439 8.7472 [9].
214.922 158.040 8.2988 8.7472 In
226.488 158.040 35.3433 8.7472 addition,
265.095 158.040 28.2938 8.7472 several
296.729 158.040 21.0609 8.7472 fungi
321.106 158.040 14.4159 8.7472 and
338.794 158.040 22.1867 8.7472 green
364.305 158.040 21.1406 8.7472 algae

53.8582 170.002 32.2320 8.7472 produce
94.6192 170.002 35.6422 8.7472 cellulose
138.839 170.002 20.2241 8.7472 (e.g.,
167.696 170.022 31.6412 8.7671 Valonia
207.948 170.022 44.2160 8.7671 ventricosa,
260.729 170.022 59.8443 8.7671 Chaetamorpha
329.157 170.022 56.3485 8.7671 melagonicum,

53.8582 181.984 55.0214 8.7671 Glaucocystis)
112.762 181.964 14.4159 8.7472 and
131.130 181.964 21.0510 8.7472 some
156.131 181.964 34.4208 8.7472 (marine)
194.569 181.964 31.1032 8.7472 animals
229.661 181.964 18.2515 8.7472 such
251.884 181.964 8.2889 8.7472 as
264.074 181.964 36.6843 8.7472 ascidians
304.722 181.964 29.4494 8.7472 contain
338.114 181.964 35.6422 8.7472 cellulose
377.684 181.964 7.7808 8.7472 in

53.8582 193.869 18.3511 8.7472 their
78.2357 193.869 20.5329 8.7472 outer
104.768 193.869 44.6922 8.7472 membrane.
155.507 193.869 41.8957 8.7472 Moreover,
203.356 193.869 31.7110 8.7472 bacteria
241.113 193.869 8.2988 8.7472 of
255.399 193.869 12.2341 8.7472 the
273.598 193.869 26.7336 8.7472 genera
306.253 193.889 79.2525 8.7671 Gluconacetobacter,

53.8582 205.851 62.9816 8.7671 Agrobacterium,
121.095 205.851 57.9365 8.7671 Pseudomonas,
183.288 205.851 45.1804 8.7671 Rhizobium,
232.724 205.831 14.4159 8.7472 and
251.433 205.851 31.0136 8.7671 Sarcina
286.752 205.831 13.8879 8.7472 can
304.950 205.831 41.6746 8.7472 synthesize
350.871 205.831 34.6041 8.7472 bacterial

53.8592 217.794 35.5565 8.7472 cellulose
92.5799 217.794 19.3972 8.7472 from
115.086 217.794 30.4856 8.7472 glucose
148.705 217.794 14.4159 8.7472 and
166.166 217.794 29.4524 8.7472 various
198.650 217.794 20.6086 8.7472 other
222.290 217.794 27.2537 8.7472 carbon
252.564 217.794 29.9456 8.7472 sources
285.559 217.794 15.8156 8.7472 [10,
304.440 217.794 15.7857 8.7472 11].
323.318 217.794 36.1642 8.7472 Bacterial
362.606 217.794 22.8901 8.7472 cellu-

53.8582 229.756 18.5603 8.7472 lose,
75.9682 229.756 24.3685 8.7472 which
103.917 229.756 6.6351 8.7472 is
114.065 229.756 37.2133 8.7472 produced
154.826 229.756 30.5852 8.7472 directly
189.011 229.756 8.2889 8.7472 as
200.803 229.756 4.4533 8.7472 a
208.797 229.756 27.5964 8.7472 ﬁbrous
239.978 229.756 35.1580 8.7472 network,
278.699 229.756 33.3608 8.7472 contains
315.605 229.756 9.9626 8.7472 no
329.098 229.756 25.8330 8.7472 lignin,
358.464 229.756 26.9588 8.7472 pectin,

53.8582 241.718 62.0022 8.7472 hemicelluloses,
119.563 241.718 8.2988 8.7472 or
131.525 241.718 20.5329 8.7472 other
155.732 241.718 34.4307 8.7472 biogenic
193.886 241.718 37.2113 8.7472 products;
234.704 241.718 5.5990 8.7472 it
243.945 241.718 6.6351 8.7472 is
254.207 241.718 17.7334 8.7472 very
275.636 241.718 25.5242 8.7472 highly
304.833 241.718 41.7533 8.7472 crystalline
350.243 241.718 14.4159 8.7472 and
368.328 241.718 17.1157 8.7472 pos-

53.8582 253.680 24.2490 8.7472 sesses
80.9575 253.680 4.4533 8.7472 a
88.2143 253.680 17.7434 8.7472 high
108.794 253.680 26.7336 8.7472 degree
138.331 253.680 8.2988 8.7472 of
149.442 253.680 60.6633 8.7472 polymerization
212.938 253.680 21.7782 8.7472 (DP).

53.8582 301.930 5.9776 10.6879 3
71.7729 301.930 49.2395 10.6879 Structure
124.384 301.930 9.9586 10.6879 of
137.651 301.930 46.6273 10.6879 Cellulose

53.8582 327.696 14.9439 10.5683 3.1
80.7871 327.696 51.1439 10.5683 Molecular
135.326 327.696 46.4097 10.5683 Structure

53.8582 357.146 49.4404 8.7472 Independent
106.525 357.146 8.2988 8.7472 of
118.034 357.146 12.2341 8.7472 the
133.511 357.146 28.5130 8.7472 source,
165.315 357.146 35.5565 8.7472 cellulose
204.150 357.146 31.6143 8.7472 consists
238.958 357.146 8.2988 8.7472 of
250.469 359.125 66.5848 6.1230 D-glucopyranose
320.313 357.146 16.0796 8.7472 ring
339.646 357.146 19.3972 8.7472 units
362.266 357.146 7.7808 8.7472 in
373.265 357.146 12.2341 8.7472 the

53.8582 366.885 3.7359 5.8308 4
57.6000 369.109 6.6351 8.7472 C
64.2330 372.952 3.7359 5.8308 1
67.9748 369.109 23.4081 8.7472 -chair
93.9961 369.109 55.7836 8.7472 conﬁguration,
152.445 369.109 24.3685 8.7472 which
179.488 369.109 31.6313 8.7472 exhibits
213.786 369.109 12.2341 8.7472 the
228.696 369.109 26.0223 8.7472 lowest
257.382 369.109 27.1680 8.7472 energy
287.259 369.109 53.9206 8.7472 conformation
343.781 369.109 19.1342 8.7472 [12].
365.554 369.109 19.9152 8.7472 Such

53.8588 381.071 19.3972 8.7472 units
75.8552 381.071 12.2241 8.7472 are
90.7085 381.071 24.9962 8.7472 linked
118.317 381.071 9.9626 8.7472 by
130.847 380.194 65.1534 9.9626 β-1,4-glycosidic
198.651 381.071 23.7608 8.7472 bonds
225.013 381.071 15.0336 8.7472 that
242.644 381.071 26.1020 8.7472 results
271.330 381.071 7.7808 8.7472 in
281.648 381.071 9.4346 8.7472 an
293.724 381.071 34.5104 8.7472 alternate
330.914 381.071 28.8417 8.7472 turning
362.378 381.071 8.2988 8.7472 of
373.263 381.071 12.2341 8.7472 the

53.8598 393.033 35.5565 8.7472 cellulose
92.1271 393.033 21.6687 8.7472 chain
116.447 393.033 16.0697 8.7472 axis
135.156 393.033 9.9626 8.7472 by
147.685 393.033 14.9439 8.7472 180
166.677 393.033 2.4906 8.7472 .
171.723 393.033 42.7993 8.7472 Cellobiose
217.189 393.033 17.7334 8.7472 with
237.542 393.033 4.4533 8.7472 a
244.571 393.033 25.0719 8.7472 length
272.237 393.033 8.2988 8.7472 of
283.122 393.033 12.4532 8.7472 1.3
298.203 393.033 12.7621 8.7472 nm
313.566 393.033 13.8879 8.7472 can
330.120 393.033 9.4346 8.7472 be
342.139 393.033 43.3333 8.7472 considered

53.8586 404.995 12.2341 8.7472 the
69.4491 404.995 37.2203 8.7472 repeating
110.097 404.995 15.5616 8.7472 unit
128.975 404.995 8.2988 8.7472 of
140.653 404.995 35.5565 8.7472 cellulose
179.601 404.995 19.1322 8.7472 [13].
202.053 404.995 23.3224 8.7472 Three
228.755 404.995 31.8146 8.7472 reactive
263.904 404.995 36.0706 8.7472 hydroxyl
303.305 404.995 27.0783 8.7472 groups
333.748 404.995 18.8692 8.7472 exist
355.972 404.995 7.7808 8.7472 in
367.083 404.995 18.3411 8.7472 each

53.8586 416.957 63.2456 8.7472 anhydroglucose
120.018 416.957 15.5616 8.7472 unit
138.443 416.957 28.0945 8.7472 (AGU)
169.453 416.957 25.5142 8.7472 within
197.856 416.957 12.2341 8.7472 the
212.936 416.957 35.6422 8.7472 cellulose
251.429 416.957 24.2530 8.7472 chain,
278.529 416.957 4.4533 8.7472 a
285.786 416.957 31.7010 8.7472 primary
320.368 416.957 23.2427 8.7472 group
346.446 416.957 7.2528 8.7472 at
356.594 416.957 11.6164 8.7472 C6
371.050 416.957 14.4159 8.7472 and

53.8586 428.919 14.9339 8.7472 two
72.5674 428.919 40.5239 8.7472 secondary
116.901 428.919 27.0783 8.7472 groups
147.798 428.919 7.2528 8.7472 at
158.853 428.919 11.6164 8.7472 C2
174.273 428.919 14.4159 8.7472 and
192.472 428.919 11.6164 8.7472 C3
207.892 428.919 15.0336 8.7472 that
226.713 428.919 12.2241 8.7472 are
242.757 428.919 41.5939 8.7472 positioned
288.224 428.919 7.7808 8.7472 in
299.733 428.919 12.2341 8.7472 the
315.777 428.919 21.7444 8.7472 plane
341.288 428.919 8.2988 8.7472 of
353.364 428.919 12.2341 8.7472 the
369.408 428.919 16.0796 8.7472 ring

53.8586 440.825 19.0883 8.7472 (Fig.
75.7983 440.825 10.7975 8.7472 2).

65.8207 452.787 10.9887 8.7472 As
79.2563 452.787 6.6351 8.7472 is
88.3272 452.787 27.2676 8.7472 typical
118.090 452.787 11.6164 8.7472 for
132.149 452.787 4.4533 8.7472 a
139.010 452.787 33.2950 8.7472 polymer
174.782 452.787 28.8318 8.7472 formed
206.133 452.787 9.9626 8.7472 by
218.491 452.787 82.0599 8.7472 “polycondensation,”
302.961 452.787 12.2341 8.7472 the
317.644 452.787 21.6687 8.7472 chain
341.794 452.787 18.2515 8.7472 ends
362.487 452.787 8.2988 8.7472 of
373.258 452.787 12.2341 8.7472 the

53.8586 464.749 35.5565 8.7472 cellulose
92.3521 464.749 36.7889 8.7472 molecule
132.036 464.749 12.2241 8.7472 are
147.116 464.749 44.0596 8.7472 chemically
194.057 464.749 34.4208 8.7472 different
231.417 464.749 19.1332 8.7472 [14].
253.415 464.749 16.5877 8.7472 One
272.860 464.749 14.4159 8.7472 end
290.151 464.749 33.3608 8.7472 contains
326.377 464.749 9.4346 8.7472 an
338.679 464.749 37.3040 8.7472 anomeric
378.874 464.749 6.6351 8.7472 C

53.8576 476.711 20.0149 8.7472 atom
76.2516 476.711 24.9962 8.7472 linked
103.633 476.711 9.9626 8.7472 by
115.935 476.711 12.2341 8.7472 the
130.562 476.711 41.1416 8.7472 glycosidic
174.045 476.711 23.8256 8.7472 bonds
200.238 476.711 53.2969 8.7472 (nonreducing
255.910 476.711 17.7334 8.7472 end)
275.978 476.711 32.7271 8.7472 whereas
311.071 476.711 12.2341 8.7472 the
325.698 476.711 20.5329 8.7472 other
348.602 476.711 14.4159 8.7472 end
365.383 476.711 13.2702 8.7472 has
381.030 476.711 4.4533 8.7472 a

53.8582 490.652 66.6445 6.1230 D-glucopyranose
125.233 488.674 15.5616 8.7472 unit
145.529 488.674 7.7808 8.7472 in
158.058 488.674 46.7854 8.7472 equilibrium
209.535 488.674 17.7334 8.7472 with
232.041 488.674 12.2341 8.7472 the
248.993 488.674 36.0845 8.7472 aldehyde
289.867 488.674 33.3767 8.7472 function
327.964 488.674 38.3650 8.7472 (reducing
371.050 488.674 14.4159 8.7472 end

53.8578 500.636 29.1356 8.7472 group).

193.311 542.114 4.9838 6.3326 O

154.842 553.343 9.7129 6.3326 HO

191.547 561.524 9.7395 6.3326 OH

212.082 553.534 4.9838 6.3326 O

133.717 555.935 4.9838 6.3326 O

95.2535 544.422 9.7395 6.3326 HO

131.950 536.425 9.7395 6.3326 OH

152.485 544.189 4.9838 6.3326 O

313.158 542.431 4.9838 6.3326 O

274.699 553.757 9.7395 6.3326 HO

311.395 561.754 9.7395 6.3326 OH

331.929 553.851 4.9838 6.3326 O

253.564 556.261 4.9838 6.3326 O

215.100 544.741 9.7395 6.3326 HO

251.797 536.751 9.7389 6.3326 OH

272.332 544.515 4.9838 6.3326 O

176.545 525.865 9.7395 6.3326 OH

116.952 571.995 9.7395 6.3326 OH

237.248 572.771 9.7389 6.3326 OH

296.396 526.184 9.7389 6.3326 OH

202.126 560.961 2.8703 4.7804 1

185.929 557.414 2.8703 4.7804 2

171.357 561.027 2.8703 4.7804 3

162.932 540.301 2.8703 4.7804 4

180.749 544.179 2.8703 4.7804 5

169.738 536.832 2.8703 4.7804 6

53.8582 589.375 13.9302 7.5706 Fig.
70.1857 589.375 4.2341 7.5706 2
80.3908 589.443 50.9362 7.4351 Representation
133.738 589.443 7.0540 7.4351 of
143.149 589.443 3.7853 7.4351 a
149.328 589.443 30.2230 7.4351 cellulose
181.983 589.443 31.1968 7.4351 molecule

53.8582 36.8584 4.2341 7.4351 4

351.722 36.8584 7.3165 7.4351 T.
361.416 36.8584 24.0497 7.4351 Heinze

65.8204 62.4003 34.3212 8.7472 Changes
102.954 62.4003 7.7808 8.7472 in
113.441 62.4003 12.2341 8.7472 the
128.408 62.4003 40.1064 8.7472 molecular
171.210 62.4003 35.0325 8.7472 structure
208.968 62.4003 35.6551 8.7472 originate
247.347 62.4003 19.3972 8.7472 from
269.457 62.4003 36.1782 8.7472 reactions
308.348 62.4003 29.5351 8.7472 leading
340.606 62.4003 7.7808 8.7472 to
351.094 62.4003 34.3411 8.7472 hydroly-

53.8583 74.3624 10.4707 8.7472 sis
66.3873 74.3624 8.3636 8.7472 or
76.7623 74.3624 37.8300 8.7472 oxidation
116.673 74.3624 8.2988 8.7472 of
127.048 74.3624 12.2341 8.7472 the
141.391 74.3624 35.5565 8.7472 cellulose
179.092 74.3624 24.2530 8.7472 chain.
205.397 74.3624 19.9152 8.7472 Such
227.393 74.3624 36.1782 8.7472 reactions
265.661 74.3624 27.7957 8.7472 mainly
295.594 74.3624 22.1867 8.7472 occur
319.858 74.3624 9.9626 8.7472 on
331.934 74.3624 12.2341 8.7472 the
346.220 74.3624 28.8935 8.7472 surface
377.174 74.3624 8.2988 8.7472 of

53.8583 86.3245 12.2341 8.7472 the
68.9387 86.3245 23.2328 8.7472 ﬁbrils
95.0168 86.3245 8.2988 8.7472 or
106.128 86.3245 7.7808 8.7472 in
116.672 86.3245 44.3694 8.7472 amorphous
163.897 86.3245 31.8405 8.7472 regions.

65.8204 98.2298 15.5516 8.7472 The
84.6985 98.2298 12.6525 8.7472 DP
100.685 98.2298 8.2988 8.7472 of
112.251 98.2298 24.4681 8.7472 native
140.086 98.2298 35.5565 8.7472 cellulose
179.034 98.2298 8.2988 8.7472 of
190.656 98.2298 29.3498 8.7472 various
223.368 98.2298 27.6960 8.7472 origins
254.378 98.2298 6.6351 8.7472 is
264.356 98.2298 7.7808 8.7472 in
275.411 98.2298 12.2341 8.7472 the
290.945 98.2298 22.1867 8.7472 range
316.513 98.2298 8.2988 8.7472 of
328.135 98.2298 57.3417 8.7472 1,000–30,000,

53.8583 110.191 24.3685 8.7472 which
81.1269 110.191 48.2100 8.7472 corresponds
132.149 110.191 7.7808 8.7472 to
142.750 110.191 21.7623 8.7472 chain
167.298 110.191 28.9075 8.7472 lengths
199.046 110.191 8.2988 8.7472 of
210.157 110.191 47.4439 8.7472 500–15,000
260.387 110.191 15.2527 8.7472 nm.
278.472 110.191 15.6214 8.7472 The
296.896 110.191 35.6711 8.7472 cellulose
335.390 110.191 32.2380 8.7472 samples
370.425 110.191 15.0336 8.7472 that

53.8583 122.154 12.2241 8.7472 are
70.2428 122.154 34.4307 8.7472 obtained
108.849 122.154 9.9626 8.7472 by
122.910 122.154 34.5174 8.7472 isolation
161.517 122.154 33.8131 8.7472 methods
199.500 122.154 29.8380 8.7472 possess
233.402 122.154 12.6525 8.7472 DP
250.183 122.154 25.5800 8.7472 values
279.889 122.154 30.4955 8.7472 ranging
314.528 122.154 33.3837 8.7472 between
352.002 122.154 14.9439 8.7472 800
371.050 122.154 14.4159 8.7472 and

53.8583 134.116 22.4158 8.7472 3,000
79.5967 134.116 19.0744 8.7472 [13].
101.933 134.116 37.8180 8.7472 Cellulose
143.035 134.116 32.2270 8.7472 samples
178.525 134.116 12.2241 8.7472 are
194.059 134.116 53.0598 8.7472 polydisperse,
250.353 134.116 19.0883 8.7472 thus,
272.746 134.116 12.2341 8.7472 the
288.280 134.116 12.6525 8.7472 DP
304.210 134.116 6.6351 8.7472 is
314.131 134.116 9.4346 8.7472 an
326.830 134.116 31.0933 8.7472 average
361.299 134.116 24.1593 8.7472 value.

53.8583 146.078 23.3224 8.7472 There
79.8228 146.078 12.2241 8.7472 are
94.6193 146.078 28.2938 8.7472 several
125.516 146.078 42.8053 8.7472 techniques
170.926 146.078 15.0336 8.7472 that
188.557 146.078 13.8879 8.7472 can
204.997 146.078 17.2154 8.7472 give
224.840 146.078 47.2875 8.7472 information
274.672 146.078 22.1967 8.7472 about
299.446 146.078 12.2341 8.7472 the
314.299 146.078 23.3324 8.7472 molar
340.208 146.078 28.2818 8.7472 masses
371.048 146.078 14.4159 8.7472 and

53.8583 158.040 18.3511 8.7472 their
75.6286 158.040 48.6444 8.7472 distribution,
127.615 158.040 37.8549 8.7472 including
168.830 158.040 35.5595 8.7472 viscosity
207.777 158.040 59.7188 8.7472 measurements,
270.875 158.040 57.3079 8.7472 size-exclusion
331.535 158.040 53.9325 8.7472 chromatogra-

53.8583 170.002 17.4345 8.7472 phy,
74.0973 170.002 14.4159 8.7472 and
91.3316 170.002 18.4318 8.7472 light
112.535 170.002 41.4743 8.7472 scattering.

53.8582 212.269 14.9439 10.5683 3.2
80.7871 212.269 49.1594 10.5683 Hydrogen
133.341 212.269 42.4526 10.5683 Bonding

53.8582 241.720 37.8250 8.7472 Cellulose
94.9599 241.720 38.1269 8.7472 possesses
136.402 241.720 29.3498 8.7472 various
169.113 241.720 31.6143 8.7472 systems
203.978 241.720 8.2988 8.7472 of
215.601 241.720 37.6586 8.7472 hydrogen
256.589 241.720 26.2515 8.7472 bonds,
286.182 241.720 24.3685 8.7472 which
313.848 241.720 18.8692 8.7472 have
336.071 241.720 4.4533 8.7472 a
343.838 241.720 41.5839 8.7472 signiﬁcant

53.8582 253.682 36.6783 8.7472 inﬂuence
93.7694 253.682 9.9626 8.7472 on
106.978 253.682 39.9959 8.7472 properties
150.235 253.682 19.1312 8.7472 [15].
172.629 253.682 13.7982 8.7472 For
189.693 253.682 35.3463 8.7472 instance,
228.243 253.682 12.2341 8.7472 the
243.777 253.682 28.4133 8.7472 limited
275.468 253.682 37.8280 8.7472 solubility
316.570 253.682 7.7808 8.7472 in
327.568 253.682 19.4669 8.7472 most
350.245 253.682 35.2278 8.7472 solvents,

53.8582 265.644 12.2341 8.7472 the
70.1291 265.644 37.9416 8.7472 reactivity
112.138 265.644 8.2988 8.7472 of
124.440 265.644 12.2341 8.7472 the
140.767 265.644 36.0706 8.7472 hydroxyl
180.849 265.644 29.6457 8.7472 groups,
214.524 265.644 14.4159 8.7472 and
233.005 265.644 12.2341 8.7472 the
249.276 265.644 47.8803 8.7472 crystallinity
301.263 265.644 8.2988 8.7472 of
313.565 265.644 35.6422 8.7472 cellulose
353.249 265.644 32.2270 8.7472 samples

53.8582 277.606 35.6551 8.7472 originate
93.2025 277.606 19.3972 8.7472 from
116.332 277.606 24.8965 8.7472 strong
144.905 277.606 37.7383 8.7472 hydrogen
186.347 277.606 32.7530 8.7472 bonding
222.744 277.606 34.0940 8.7472 systems.
260.558 277.606 37.8250 8.7472 Cellulose
302.056 277.606 16.0697 8.7472 also
321.842 277.606 33.3717 8.7472 contains
358.862 277.606 26.6320 8.7472 hydro-

53.8582 289.568 27.2437 8.7472 phobic
85.2663 289.568 20.5130 8.7472 areas
109.984 289.568 31.0136 8.7472 (around
145.247 289.568 12.2341 8.7472 the
161.631 289.568 6.6351 8.7472 C
172.460 289.568 27.1680 8.7472 atoms)
203.810 289.568 15.0336 8.7472 that
223.085 289.568 18.8692 8.7472 have
246.102 289.568 4.4533 8.7472 a
254.776 289.568 27.2577 8.7472 certain
286.240 289.568 36.6783 8.7472 inﬂuence
327.116 289.568 9.9626 8.7472 on
341.232 289.568 12.2341 8.7472 the
357.616 289.568 27.8504 8.7472 overall

53.8582 301.530 42.4865 8.7472 properties,
99.1552 301.530 37.8549 8.7472 including
139.803 301.530 40.3186 8.7472 solubility.

65.8203 313.492 15.5516 8.7472 The
88.2142 313.492 20.0049 8.7472 three
115.086 313.492 36.0706 8.7472 hydroxyl
157.946 313.492 27.0783 8.7472 groups
191.905 313.492 8.2988 8.7472 of
207.042 313.492 12.2341 8.7472 the
226.090 313.492 24.0338 8.7472 AGU,
256.931 313.492 12.2341 8.7472 the
275.980 313.492 29.4245 8.7472 oxygen
312.264 313.492 23.8505 8.7472 atoms
342.935 313.492 8.2988 8.7472 of
358.072 313.492 12.2341 8.7472 the
377.177 315.471 8.3065 6.1230 D-

53.8593 325.455 58.2722 8.7472 glucopyranose
115.143 325.455 18.5703 8.7472 ring,
136.686 325.455 14.4159 8.7472 and
154.147 325.455 12.2341 8.7472 the
169.341 325.455 41.1416 8.7472 glycosidic
213.448 325.455 29.5202 8.7472 linkage
245.933 325.455 30.1349 8.7472 interact
279.041 325.455 17.8151 8.7472 with
299.790 325.455 18.3411 8.7472 each
321.162 325.455 20.5329 8.7472 other
344.690 325.455 25.5142 8.7472 within
373.263 325.455 12.2341 8.7472 the

53.8593 337.360 21.6687 8.7472 chain
77.8403 337.360 8.2988 8.7472 or
88.4415 337.360 17.7334 8.7472 with
108.453 337.360 30.0432 8.7472 another
140.768 337.360 35.6422 8.7472 cellulose
178.694 337.360 21.7623 8.7472 chain
202.732 337.360 9.9626 8.7472 by
214.978 337.360 32.1593 8.7472 forming
249.447 337.360 58.4735 8.7472 intramolecular
310.277 337.360 14.4159 8.7472 and
326.945 337.360 58.4486 8.7472 intermolecular

53.8593 349.322 37.7244 8.7472 hydrogen
97.0591 349.322 26.2515 8.7472 bonds.
128.807 349.322 15.6214 8.7472 The
149.895 349.322 37.7244 8.7472 hydrogen
193.095 349.322 23.7608 8.7472 bonds
222.348 349.322 17.2154 8.7472 give
245.082 349.322 14.4059 8.7472 rise
264.981 349.322 7.7808 8.7472 to
278.247 349.322 29.3498 8.7472 various
313.114 349.322 72.3414 8.7472 three-dimensional

53.8593 361.284 56.4302 8.7472 arrangements.

65.8214 373.246 32.2250 8.7472 Infrared
100.913 373.246 16.5877 8.7472 (IR)
120.358 373.246 15.8146 8.7472 [16,
139.068 373.246 13.2951 8.7472 17]
155.225 373.246 14.4159 8.7472 and
172.516 373.246 19.3972 8.7472 solid
194.797 373.246 18.3411 8.7472 state
216.056 371.024 7.4718 5.8308 13
223.540 373.247 32.6564 8.7472 C-NMR
259.028 373.247 52.1462 8.7472 spectroscopy
314.077 373.247 16.6405 8.7472 [18]
333.580 373.247 34.0073 8.7472 revealed
370.429 373.247 15.0336 8.7472 that

53.8581 385.209 12.2341 8.7472 the
68.8249 385.209 14.3063 8.7472 OH
85.9456 385.209 23.2427 8.7472 group
111.910 385.209 7.2528 8.7472 at
121.944 385.209 11.6164 8.7472 C3
136.287 385.209 14.4159 8.7472 and
153.465 385.209 33.4684 8.7472 adjacent
189.691 385.209 20.0049 8.7472 ether
212.481 385.209 29.3598 8.7472 oxygen
244.625 385.209 8.2988 8.7472 of
255.680 385.209 12.2341 8.7472 the
270.647 385.209 21.4594 8.7472 AGU
294.911 385.209 19.3972 8.7472 units
317.078 385.209 19.3972 8.7472 form
339.244 385.209 46.2394 8.7472 intramolec-

53.8581 397.171 15.5516 8.7472 ular
72.1126 397.171 23.7608 8.7472 bonds
98.6450 397.171 32.7670 8.7472 together
134.133 397.171 17.7334 8.7472 with
154.599 397.171 21.1207 8.7472 those
178.410 397.171 33.2751 8.7472 between
214.467 397.171 12.2341 8.7472 the
229.377 397.171 29.3598 8.7472 oxygen
261.521 397.171 23.8505 8.7472 atoms
288.109 397.171 7.7808 8.7472 in
298.541 397.171 12.2341 8.7472 the
313.508 397.171 36.0706 8.7472 hydroxyl
352.285 397.171 23.2427 8.7472 group
378.251 397.171 7.2528 8.7472 at

53.8581 409.133 11.6164 8.7472 C6
68.4284 409.133 14.4159 8.7472 and
85.8331 409.133 48.3146 8.7472 neighboring
137.139 409.133 39.9062 8.7472 hydroxyls
179.999 409.133 24.9962 8.7472 linked
208.005 409.133 7.7808 8.7472 to
218.777 409.133 14.1070 8.7472 C2.
235.840 409.133 36.1662 8.7472 Together
274.959 409.133 17.7334 8.7472 with
295.708 409.133 12.2341 8.7472 the
310.903 408.257 49.4105 9.9626 β-glycosidic
363.287 409.133 22.1867 8.7472 cova-

53.8591 421.095 15.0336 8.7472 lent
71.8874 421.095 32.0268 8.7472 linkage,
106.866 421.095 12.2341 8.7472 the
122.115 421.095 58.4735 8.7472 intramolecular
183.627 421.095 37.7244 8.7472 hydrogen
224.332 421.095 23.7608 8.7472 bonds
251.090 421.095 12.2241 8.7472 are
266.340 421.095 45.4992 8.7472 responsible
314.869 421.095 11.6164 8.7472 for
329.439 421.095 12.2341 8.7472 the
344.690 421.095 29.4594 8.7472 rigidity
377.174 421.095 8.2988 8.7472 or

53.8591 433.001 33.1755 8.7472 stiffness
90.9359 433.001 8.2988 8.7472 of
103.011 433.001 12.2341 8.7472 the
119.112 433.001 35.5565 8.7472 cellulose
158.570 433.001 33.2950 8.7472 polymer
195.703 433.001 19.1312 8.7472 [13].
218.664 433.001 10.9887 8.7472 As
233.460 433.001 4.4533 8.7472 a
241.737 433.001 24.6774 8.7472 result,
270.253 433.001 25.5242 8.7472 highly
299.620 433.001 29.9705 8.7472 viscous
333.351 433.001 36.0646 8.7472 solutions
373.263 433.001 12.2241 8.7472 are

53.8591 444.963 37.2133 8.7472 produced
93.3728 444.963 19.3972 8.7472 from
115.086 444.963 35.5565 8.7472 cellulose
153.012 444.963 30.1448 8.7472 relative
185.496 444.963 7.7808 8.7472 to
195.531 444.963 21.1207 8.7472 those
218.945 444.963 34.5065 8.7472 obtained
255.738 444.963 19.3972 8.7472 from
277.451 444.963 41.7592 8.7472 equivalent
321.558 444.963 63.8383 8.7472 polysaccharides

53.8591 456.925 29.3598 8.7472 bonded
85.4934 456.925 9.9626 8.7472 by
97.6258 456.048 49.9196 9.9626 α-glycosidic
149.725 456.925 35.8624 8.7472 linkages.
187.765 456.925 17.7334 8.7472 This
207.721 456.925 16.0697 8.7472 also
226.032 456.925 20.5230 8.7472 leads
248.823 456.925 7.7808 8.7472 to
258.800 456.925 4.4533 8.7472 a
265.433 456.925 17.7434 8.7472 high
285.389 456.925 36.0845 8.7472 tendency
323.770 456.925 7.7808 8.7472 to
333.748 456.925 41.2422 8.7472 crystallize
377.174 456.925 8.2988 8.7472 or

53.8591 468.887 7.7808 8.7472 to
64.4603 468.887 19.3972 8.7472 form
86.6839 468.887 29.9675 8.7472 ﬁbrillar
119.508 468.887 41.3587 8.7472 structures.

65.8212 480.849 58.9836 8.7472 Intermolecular
130.619 480.849 37.7244 8.7472 hydrogen
174.160 480.849 32.6873 8.7472 bonding
212.654 480.849 6.6351 8.7472 is
225.069 480.849 45.4992 8.7472 responsible
276.375 480.849 11.6164 8.7472 for
293.780 480.849 12.2341 8.7472 the
311.865 480.849 24.8965 8.7472 strong
342.536 480.849 42.8970 8.7472 interaction

53.8591 492.811 33.3837 8.7472 between
92.0129 492.811 35.6631 8.7472 cellulose
132.490 492.811 27.9949 8.7472 chains.
165.315 492.811 15.6214 8.7472 The
185.725 492.811 23.7608 8.7472 bonds
214.354 492.811 12.2241 8.7472 are
231.362 492.811 37.2133 8.7472 produced
273.371 492.811 33.3398 8.7472 between
311.581 492.811 33.3747 8.7472 adjacent
349.848 492.811 35.5565 8.7472 cellulose

53.8591 504.773 65.6386 8.7472 macromolecules
122.909 504.773 29.0151 8.7472 located
155.281 504.773 22.2724 8.7472 along
180.906 504.773 12.2341 8.7472 the
196.553 504.773 21.5790 8.7472 (002)
221.497 504.773 21.7444 8.7472 plane
246.612 504.773 7.7808 8.7472 in
257.780 504.773 12.2341 8.7472 the
273.371 504.773 26.7197 8.7472 crystal
303.475 504.773 24.6315 8.7472 lattice
331.480 504.773 8.2988 8.7472 of
343.159 504.773 35.5565 8.7472 cellulose
382.163 504.773 3.3175 8.7472 I

53.8591 516.735 27.8674 8.7472 (native
84.8697 516.735 41.4673 8.7472 cellulose),
129.486 516.735 27.7957 8.7472 mainly
160.440 516.735 33.3837 8.7472 between
196.948 516.735 12.2341 8.7472 the
212.369 516.735 29.3598 8.7472 oxygen
244.909 516.735 20.0149 8.7472 atom
268.096 516.735 7.7808 8.7472 in
278.982 516.735 11.6164 8.7472 C3
293.778 516.735 14.4159 8.7472 and
311.353 516.735 12.2341 8.7472 the
326.773 516.735 14.3063 8.7472 OH
344.235 516.735 7.2528 8.7472 at
354.610 516.735 11.6164 8.7472 C6
369.406 516.735 16.0597 8.7472 (see

53.8591 528.641 19.6961 8.7472 Sect.
76.6495 528.641 15.7897 8.7472 3.3)
95.5277 528.641 19.1312 8.7472 [19].
117.694 528.641 38.6569 8.7472 Together,
159.419 528.641 12.2341 8.7472 the
174.726 528.641 37.7244 8.7472 hydrogen
215.545 528.641 35.2437 8.7472 bonding,
253.812 528.641 21.1386 8.7472 weak
278.020 528.641 30.9040 8.7472 C–H–O
312.035 528.641 26.2515 8.7472 bonds,
341.402 528.641 14.4159 8.7472 and
358.864 528.641 26.6320 8.7472 hydro-

53.8591 540.603 27.2437 8.7472 phobic
85.8341 540.603 46.7545 8.7472 interactions
137.367 540.603 12.2241 8.7472 are
154.375 540.603 45.4992 8.7472 responsible
204.662 540.603 11.6164 8.7472 for
221.046 540.603 12.2341 8.7472 the
238.054 540.603 37.2103 8.7472 assembly
280.007 540.603 8.3636 8.7472 of
293.104 540.603 35.5565 8.7472 cellulose
333.525 540.603 7.7808 8.7472 in
346.054 540.603 26.3312 8.7472 layers,
377.178 540.603 8.2889 8.7472 as

53.8591 552.565 41.2601 8.7472 elucidated
97.9087 552.565 9.9626 8.7472 by
110.721 552.565 47.6920 8.7472 synchrotron
161.234 552.565 23.2228 8.7472 X-ray
187.312 552.565 14.4159 8.7472 and
204.546 552.565 30.4955 8.7472 neutron
237.881 552.565 42.2952 8.7472 diffraction
283.008 552.565 48.9622 8.7472 experiments
334.768 552.565 19.1332 8.7472 [20].

65.8212 564.527 37.8250 8.7472 Cellulose
105.958 564.527 6.6351 8.7472 II
114.972 564.527 16.0597 8.7472 (see
133.397 564.527 19.6961 8.7472 Sect.
155.452 564.527 15.8465 8.7472 3.3)
173.594 564.527 24.8686 8.7472 shows
200.750 564.527 4.4533 8.7472 a
207.554 564.527 34.4905 8.7472 different
244.403 564.527 37.7234 8.7472 hydrogen
284.484 564.527 32.7530 8.7472 bonding
319.576 564.527 30.1767 8.7472 system.
352.117 564.527 33.3448 8.7472 Because

53.8591 576.489 8.2988 8.7472 of
64.6875 576.489 12.2341 8.7472 the
79.4839 576.489 37.2103 8.7472 existence
119.281 576.489 8.2988 8.7472 of
130.109 576.489 9.4346 8.7472 an
142.071 576.489 58.4486 8.7472 intermolecular
203.128 576.489 37.7244 8.7472 hydrogen
243.380 576.489 19.9252 8.7472 bond
265.887 576.489 33.2751 8.7472 between
301.773 576.489 12.2341 8.7472 the
316.513 576.489 14.3063 8.7472 OH
333.407 576.489 27.0783 8.7472 groups
363.057 576.489 8.2988 8.7472 of
373.885 576.489 11.6164 8.7472 C6

53.8591 588.451 14.4159 8.7472 and
70.6401 588.451 11.6164 8.7472 C2
84.6435 588.451 8.2988 8.7472 of
95.3015 588.451 29.9675 8.7472 another
127.673 588.451 24.1593 8.7472 chain,
154.204 588.451 12.2341 8.7472 the
168.831 588.451 58.4735 8.7472 intramolecular
229.718 588.451 32.6873 8.7472 bonding
264.811 588.451 8.2988 8.7472 of
275.412 588.451 14.3063 8.7472 OH
292.136 588.451 7.7808 8.7472 in
302.227 588.451 11.6164 8.7472 C2
316.231 588.451 6.6351 8.7472 is
325.245 588.451 31.6313 8.7472 avoided
359.260 588.451 14.4159 8.7472 and
376.041 588.451 9.4346 8.7472 an

53.8582 36.9709 34.4571 7.4351 Cellulose:
90.7084 36.9709 31.1122 7.4351 Structure
124.213 36.9709 12.2535 7.4351 and
138.897 36.9709 34.3724 7.4351 Properties

381.259 36.9709 4.2341 7.4351 5

53.8582 255.666 58.4735 8.7472 intermolecular
115.936 255.666 37.6586 8.7472 hydrogen
157.151 255.666 19.9252 8.7472 bond
180.622 255.666 8.3636 8.7472 of
192.471 255.666 31.0026 8.7472 OH–C2
226.997 255.666 7.7808 8.7472 to
238.278 255.666 31.0026 8.7472 OH–C2
272.804 255.666 8.2988 8.7472 of
284.652 255.666 12.2341 8.7472 the
300.413 255.666 17.2154 8.7472 next
321.162 255.666 21.7623 8.7472 chain
346.447 255.666 6.6351 8.7472 is
356.595 255.666 28.8318 8.7472 formed

53.8582 267.628 19.1302 8.7472 [21].
77.1009 267.628 8.2988 8.7472 In
89.5731 267.628 46.5652 8.7472 comparison
140.369 267.628 7.7808 8.7472 to
152.331 267.628 35.5565 8.7472 cellulose
192.129 267.628 5.8082 8.7472 I,
202.049 267.628 12.2341 8.7472 the
218.434 267.628 35.6422 8.7472 cellulose
258.232 267.628 6.6351 8.7472 II
269.060 267.628 40.5378 8.7472 molecules
313.790 267.628 12.2241 8.7472 are
330.231 267.628 20.5329 8.7472 more
354.949 267.628 30.4856 8.7472 densely

53.8572 279.534 28.3954 8.7472 packed
86.4558 279.534 14.4159 8.7472 and
105.051 279.534 32.7600 8.7472 strongly
142.014 279.534 47.8075 8.7472 interbonded
194.001 279.534 16.9065 8.7472 and,
215.147 279.534 38.6569 8.7472 therefore,
258.006 279.534 35.5565 8.7472 cellulose
297.861 279.534 6.6351 8.7472 II
308.689 279.534 6.6351 8.7472 is
319.517 279.534 15.0037 8.7472 less
338.680 279.534 34.3052 8.7472 reactive,
377.174 279.534 8.2889 8.7472 as

53.8572 291.496 42.8163 8.7472 commonly
98.7009 291.496 36.0726 8.7472 observed
136.797 291.496 19.1312 8.7472 [13].
158.001 291.496 26.0323 8.7472 Figure
186.120 291.496 4.9813 8.7472 3
193.093 291.496 24.8686 8.7472 shows
220.022 291.496 4.4533 8.7472 a
226.485 291.496 29.9575 8.7472 scheme
258.572 291.496 8.2988 8.7472 of
268.891 291.496 12.2341 8.7472 the
283.177 291.496 37.7383 8.7472 hydrogen
322.974 291.496 32.7530 8.7472 bonding
357.727 291.496 27.7678 8.7472 system

53.8562 303.458 7.7808 8.7472 in
64.4574 303.458 35.5565 8.7472 cellulose
102.895 303.458 3.3175 8.7472 I
109.018 303.458 14.4159 8.7472 and
126.252 303.458 9.1257 8.7472 II.

53.8582 351.733 14.9439 10.5683 3.3
80.7871 351.733 35.2078 10.5683 Crystal
119.394 351.733 67.7137 10.5683 Modiﬁcations

53.8582 381.184 15.5516 8.7472 The
72.2830 381.184 28.3037 8.7472 regular
103.464 381.184 35.0325 8.7472 structure
141.334 381.184 8.2988 8.7472 of
152.502 381.184 35.5565 8.7472 cellulose
190.996 381.184 20.5230 8.7472 leads
214.353 381.184 7.7808 8.7472 to
225.011 381.184 23.2228 8.7472 X-ray
251.089 381.184 42.2713 8.7472 diffraction
296.273 381.184 31.6213 8.7472 patterns
330.798 381.184 15.0336 8.7472 that
348.656 381.184 24.5439 8.7472 reveal
376.038 381.184 9.4346 8.7472 its

53.8582 393.146 26.6400 8.7472 degree
83.9622 393.146 8.3636 8.7472 of
95.6981 393.146 50.4526 8.7472 crystallinity.
149.555 393.146 23.3224 8.7472 There
176.371 393.146 19.3773 8.7472 were
199.218 393.146 4.4533 8.7472 a
207.098 393.146 30.5613 8.7472 number
241.057 393.146 8.2988 8.7472 of
252.792 393.146 60.6154 8.7472 inconsistencies
316.797 393.146 7.7808 8.7472 in
328.022 393.146 12.2341 8.7472 the
343.726 393.146 41.7702 8.7472 crystalline

53.8582 405.108 35.0395 8.7472 structure
93.2025 405.108 38.3480 8.7472 described
135.835 405.108 11.6164 8.7472 for
151.822 405.108 34.4208 8.7472 different
190.599 405.108 35.6631 8.7472 cellulose
230.567 405.108 54.4327 8.7472 modiﬁcations
289.357 405.108 18.3411 8.7472 after
312.034 405.108 27.3742 8.7472 certain
343.668 405.108 41.7652 8.7472 treatments

53.8582 417.014 19.1302 8.7472 [23].
75.9104 417.014 23.2965 8.7472 X-ray
102.158 417.014 14.4159 8.7472 and
119.563 417.014 22.6789 8.7472 NMR
145.188 417.014 48.9303 8.7472 experiments
197.118 417.014 40.4482 8.7472 conﬁrmed
240.601 417.014 12.2341 8.7472 the
255.850 417.014 48.3096 8.7472 dimorphism
307.157 417.014 19.0764 8.7472 [24].
329.212 417.014 23.2228 8.7472 X-ray
355.461 417.014 29.9575 8.7472 diffrac-

53.8562 428.976 15.5616 8.7472 tion
73.1318 428.976 31.7209 8.7472 patterns
108.508 428.976 14.4159 8.7472 and
126.649 428.976 41.1316 8.7472 solid-state
171.552 426.753 7.4718 5.8308 13
178.979 428.976 32.6395 8.7472 C-NMR
215.319 428.976 33.9784 8.7472 revealed
253.019 428.976 35.5565 8.7472 cellulose
292.363 428.976 57.7392 8.7472 conformations
353.874 428.976 22.9239 8.7472 (Figs.
380.521 428.976 4.9813 8.7472 4

53.8592 440.938 14.4159 8.7472 and
70.6402 440.938 8.3068 8.7472 5)
81.2992 440.938 15.0336 8.7472 that
98.7039 440.938 19.3773 8.7472 were
120.474 440.938 18.2515 8.7472 used
141.109 440.938 7.7808 8.7472 to
151.257 440.938 36.2678 8.7472 elucidate
189.921 440.938 12.2341 8.7472 the
204.491 440.938 31.8275 8.7472 detailed
238.676 440.938 41.7702 8.7472 crystalline
282.782 440.938 35.0325 8.7472 structure
320.143 440.938 14.4159 8.7472 and
336.981 440.938 12.2341 8.7472 the
351.551 440.938 19.9929 8.7472 basis
373.888 440.938 11.6164 8.7472 for

53.8592 452.900 58.8849 8.7472 transformation
115.597 452.900 7.7808 8.7472 in
126.198 452.900 12.2341 8.7472 the
141.222 452.900 29.4146 8.7472 various
173.480 452.900 44.9941 8.7472 allomorphs
221.271 452.900 19.1312 8.7472 [25].

65.8203 464.862 41.6606 8.7472 Celluloses
110.266 464.862 19.3972 8.7472 from
132.433 464.862 34.4905 8.7472 different
169.736 464.862 29.8579 8.7472 sources
202.447 464.862 29.7583 8.7472 possess
234.988 464.862 46.7306 8.7472 comparable
284.537 464.862 47.8803 8.7472 crystallinity
335.220 464.862 18.1080 8.7472 (i.e.,
356.082 464.862 29.3598 8.7472 modiﬁ-

53.8582 476.825 28.3037 8.7472 cations
85.2653 476.825 8.2988 8.7472 of
96.6038 476.825 35.6422 8.7472 cellulose
135.324 476.825 9.1257 8.7472 I).
147.513 476.825 39.0863 8.7472 However,
189.635 476.825 19.3972 8.7472 solid
212.085 476.825 18.4208 8.7472 state
233.518 474.602 7.4718 5.8308 13
241.001 476.825 32.6564 8.7472 C-NMR
276.717 476.825 27.6861 8.7472 studies
307.500 476.825 34.0073 8.7472 revealed
344.520 476.825 15.0336 8.7472 that
362.606 476.825 22.8901 8.7472 cellu-

53.8590 488.787 16.0697 8.7472 lose
75.1750 488.787 13.8879 8.7472 can
94.3371 488.787 41.2252 8.7472 crystallize
140.881 488.787 17.7334 8.7472 with
163.842 488.787 30.5981 8.7472 varying
199.671 488.787 45.9575 8.7472 proportions
250.921 488.787 8.3636 8.7472 of
264.471 488.787 14.9339 8.7472 two
284.710 488.787 34.4208 8.7472 different
324.451 488.787 29.0310 8.7472 phases,
358.750 488.787 26.7257 8.7472 named

53.8590 500.749 35.5565 8.7472 cellulose
91.7857 500.749 3.3175 8.7472 I
95.1307 504.008 4.0422 6.6410 α
101.423 500.749 14.4159 8.7472 and
118.091 500.749 3.3175 8.7472 I
121.436 504.008 3.6537 6.6410 β
125.121 500.749 2.4906 8.7472 .
129.883 500.749 20.5329 8.7472 Plant
152.673 500.749 35.6422 8.7472 cellulose
190.600 500.749 27.8853 8.7472 mainly
220.761 500.749 31.5217 8.7472 consists
254.606 500.749 8.2988 8.7472 of
265.150 500.749 35.6422 8.7472 cellulose
303.077 500.749 3.3175 8.7472 I
306.425 504.008 3.6537 6.6410 β
310.110 500.749 2.4906 8.7472 ,
314.815 500.749 32.7271 8.7472 whereas
349.851 500.749 35.5565 8.7472 cellulose

53.8592 512.655 37.2133 8.7472 produced
94.0533 512.655 9.9626 8.7472 by
106.978 512.655 36.7122 8.7472 primitive
146.719 512.655 40.9662 8.7472 organisms
190.712 512.655 45.0608 8.7472 crystallizes
238.786 512.655 7.7808 8.7472 in
249.558 512.655 12.2341 8.7472 the
264.752 512.655 3.3175 8.7472 I
268.100 515.970 4.0422 6.6410 α
275.073 512.655 25.2811 8.7472 phase.
303.306 512.655 15.5516 8.7472 The
321.845 512.655 45.0768 8.7472 monoclinic
369.920 512.655 15.5616 8.7472 unit

53.8594 524.617 14.5055 8.7472 cell
70.6972 524.617 8.2988 8.7472 of
81.2416 524.617 35.5565 8.7472 cellulose
119.168 524.617 3.3175 8.7472 I
122.513 527.932 4.0422 6.6410 α
128.806 524.617 17.7334 8.7472 with
148.818 524.617 4.4533 8.7472 a
155.564 524.617 22.1767 8.7472 space
180.055 524.617 23.2427 8.7472 group
205.623 524.617 10.4807 8.7472 P2
216.113 528.517 3.7359 5.8308 1
222.122 524.617 31.6143 8.7472 consists
255.967 524.617 8.2988 8.7472 of
266.568 524.617 14.9339 8.7472 two
283.803 524.617 35.5565 8.7472 cellulose
321.673 524.617 43.1141 8.7472 molecules,
367.083 524.617 18.3411 8.7472 each

53.8595 536.579 42.2982 8.7472 containing
100.347 536.579 4.4533 8.7472 a
108.964 536.579 40.6524 8.7472 cellobiose
153.808 536.579 15.5616 8.7472 unit
173.537 536.579 7.7808 8.7472 in
185.499 536.579 12.2341 8.7472 the
201.939 536.579 14.9439 8.7472 002
221.101 536.579 25.5043 8.7472 corner
250.808 536.579 21.7444 8.7472 plane
276.716 536.579 14.4159 8.7472 and
295.368 536.579 14.9439 8.7472 002
314.474 536.579 24.4582 8.7472 center
343.160 536.579 21.7444 8.7472 plane
369.069 536.579 7.7808 8.7472 in
381.031 536.579 4.4533 8.7472 a

53.8595 548.541 30.0572 8.7472 parallel
87.3079 548.541 29.3498 8.7472 fashion
120.019 548.541 19.1312 8.7472 [19].
142.469 548.541 37.8250 8.7472 Cellulose
183.571 548.541 3.3175 8.7472 I
186.916 551.800 3.6537 6.6410 β
193.889 548.542 48.2100 8.7472 corresponds
245.422 548.542 7.7808 8.7472 to
256.477 548.542 4.4533 8.7472 a
264.244 548.542 31.3045 8.7472 triclinic
298.883 548.542 40.0168 8.7472 symmetry
342.195 548.542 17.7334 8.7472 with
363.229 548.542 22.1767 8.7472 space

53.8584 560.504 23.2427 8.7472 group
79.3128 560.504 5.4994 8.7472 P
84.8126 564.347 3.7359 5.8308 1
90.7653 560.504 42.2982 8.7472 containing
135.268 560.504 14.4159 8.7472 one
151.878 560.504 21.6687 8.7472 chain
175.746 560.504 7.7808 8.7472 in
185.723 560.504 12.2341 8.7472 the
200.180 560.504 15.5616 8.7472 unit
217.981 560.504 16.9962 8.7472 cell,
237.200 560.504 8.2889 8.7472 as
247.688 560.504 55.1460 8.7472 schematically
305.060 560.504 38.3480 8.7472 displayed
345.596 560.504 7.7808 8.7472 in
355.574 560.504 15.7708 8.7472 Fig.
373.548 560.504 11.9581 8.7472 6a.

65.8209 572.466 37.8250 8.7472 Cellulose
107.658 572.466 3.3175 8.7472 I
114.915 572.466 13.8879 8.7472 can
132.830 572.466 9.4346 8.7472 be
146.266 572.466 48.3047 8.7472 transformed
198.593 572.466 15.5616 8.7472 into
218.152 572.466 12.2341 8.7472 the
234.366 572.466 77.9583 8.7472 thermodynamically
316.343 572.466 23.3224 8.7472 stable
343.725 572.466 41.7702 8.7472 crystalline

53.8588 584.428 19.3972 8.7472 form
77.6127 584.428 8.2988 8.7472 of
90.2552 584.428 35.6422 8.7472 cellulose
130.280 584.428 6.6351 8.7472 II
141.221 584.428 9.9626 8.7472 by
155.565 584.428 50.0870 8.7472 regeneration
209.989 584.428 19.3972 8.7472 from
233.743 584.428 12.2341 8.7472 the
250.354 584.428 37.7244 8.7472 dissolved
292.420 584.428 18.3411 8.7472 state
315.153 584.428 8.2988 8.7472 or
327.796 584.428 57.6506 8.7472 mercerization.

171.837 86.2812 4.9798 6.3276 O

138.246 97.6912 4.9798 6.3276 O

170.076 105.674 4.9798 6.3276 O

190.536 97.6912 4.9798 6.3276 O

112.462 100.096 4.9798 6.3276 O

78.8698 88.6806 4.9798 6.3276 O

110.706 80.6982 4.9798 6.3276 O

131.160 88.3651 4.9798 6.3276 O

291.245 86.6034 4.9798 6.3276 O

257.653 98.0076 4.9798 6.3276 O

289.483 105.996 4.9798 6.3276 O

309.944 98.0076 4.9798 6.3276 O

231.869 100.423 4.9798 6.3276 O

198.277 89.0028 4.9798 6.3276 O

230.113 81.0146 4.9798 6.3276 O

250.567 88.6806 4.9798 6.3276 O

351.088 101.056 4.9798 6.3276 O

317.497 89.6523 4.9798 6.3276 O

349.328 81.6630 4.9798 6.3276 O

369.787 89.3300 4.9798 6.3276 O

71.4851 80.4160 4.7520 6.3276 H

130.861 105.573 4.7520 6.3276 H

190.892 80.7314 4.7520 6.3276 H

250.268 105.900 4.7520 6.3276 H

310.113 81.3808 4.7520 6.3276 H

79.2819 106.888 4.9798 6.3276 O

74.0544 116.327 4.7520 6.3276 H

181.193 105.623 4.7520 6.3276 H

198.689 107.210 4.9798 6.3276 O

194.274 117.062 4.7520 6.3276 H

121.816 80.3652 4.7520 6.3276 H

138.658 79.4843 4.9798 6.3276 O

134.209 69.2715 4.7520 6.3276 H

241.223 80.6923 4.7520 6.3276 H

258.065 79.8115 4.9798 6.3276 O

253.616 69.5986 4.7520 6.3276 H

300.600 105.951 4.7520 6.3276 H

317.910 107.859 4.9798 6.3276 O

313.359 117.643 4.7520 6.3276 H

360.444 81.4775 4.7520 6.3276 H

170.607 158.766 4.9798 6.3276 O

137.010 170.177 4.9798 6.3276 O

168.845 178.165 4.9798 6.3276 O

189.299 170.177 4.9798 6.3276 O

111.231 172.576 4.9798 6.3276 O

77.6335 161.172 4.9798 6.3276 O

109.470 153.183 4.9798 6.3276 O

129.930 160.844 4.9798 6.3276 O

290.014 159.083 4.9798 6.3276 O

256.416 170.498 4.9798 6.3276 O

288.252 178.487 4.9798 6.3276 O

308.707 170.498 4.9798 6.3276 O

230.638 172.897 4.9798 6.3276 O

197.039 161.487 4.9798 6.3276 O

228.876 153.505 4.9798 6.3276 O

249.336 161.172 4.9798 6.3276 O

349.858 173.547 4.9798 6.3276 O

316.267 162.131 4.9798 6.3276 O

348.096 154.149 4.9798 6.3276 O

368.557 161.815 4.9798 6.3276 O

70.2546 152.900 4.7520 6.3276 H

129.625 178.063 4.7520 6.3276 H

189.661 153.223 4.7520 6.3276 H

249.032 178.390 4.7520 6.3276 H

308.882 153.866 4.7520 6.3276 H

120.580 152.856 4.7520 6.3276 H

239.987 153.177 4.7520 6.3276 H

359.213 153.956 4.7520 6.3276 H

153.901 142.625 4.9798 6.3276 O

146.212 134.648 4.7520 6.3276 H

94.5308 188.722 4.9798 6.3276 O

89.0778 198.038 4.7520 6.3276 H

213.932 189.045 4.9798 6.3276 O

208.484 198.360 4.7520 6.3276 H

273.308 142.942 4.9798 6.3276 O

267.860 133.253 4.7520 6.3276 H

333.152 189.688 4.9798 6.3276 O

327.703 199.004 4.7520 6.3276 H

163.318 187.435 4.7520 6.3276 H

282.725 187.757 4.7520 6.3276 H

56.9763 68.0099 7.1136 8.0000 a)

56.9763 143.674 7.5504 8.0000 b)

182.152 96.8677 2.4091 4.0124 1

164.085 102.456 2.4091 4.0124 2

150.316 105.511 2.4091 4.0124 3

140.854 92.1304 2.4091 4.0124 4

158.920 87.8403 2.4091 4.0124 5

152.468 78.0113 2.4091 4.0124 6

153.760 153.217 2.4091 4.0124 6

158.056 160.030 2.4091 4.0124 5

179.567 178.520 2.4091 4.0124 1

163.651 174.654 2.4091 4.0124 2

150.316 178.143 2.4091 4.0124 3

140.854 157.021 2.4091 4.0124 4

53.8582 222.062 13.9302 7.5706 Fig.
72.2266 222.062 4.2341 7.5706 3
82.4316 222.129 33.8559 7.4351 Hydrogen
120.756 222.129 27.7842 7.4351 bonding
152.958 222.129 23.5331 7.4351 system
180.964 222.129 7.0540 7.4351 of
192.472 222.129 9.8494 7.4351 (a)
206.758 222.129 30.2230 7.4351 cellulose
241.454 222.129 2.8199 7.4351 I
248.710 222.129 12.2535 7.4351 and
265.435 222.129 10.3041 7.4351 (b)
280.175 222.129 30.2230 7.4351 cellulose
314.871 222.129 5.6398 7.4351 II
324.963 222.129 40.9861 7.4351 (reproduced
370.374 222.129 15.0734 7.4351 with

53.8590 232.051 37.2008 7.4351 permission
93.4877 232.051 16.4876 7.4351 from
112.309 232.051 25.9127 7.4351 Tashiro
140.656 232.051 12.2535 7.4351 and
155.283 232.051 36.2270 7.4351 Kobayashi
193.891 232.051 16.2174 7.4351 [22],
212.485 232.051 32.5348 7.4351 copyright
247.464 232.051 19.0534 7.4351 1991,
268.837 232.051 15.0734 7.4351 with
286.299 232.051 37.2008 7.4351 permission
325.927 232.051 16.4876 7.4351 from
344.806 232.051 30.6634 7.4351 Elsevier)

53.8590 36.8582 4.2341 7.4351 6

351.722 36.8582 7.3165 7.4351 T.
361.417 36.8582 24.0497 7.4351 Heinze

53.8582 569.646 13.9302 7.5706 Fig.
80.9573 569.714 17.9018 7.4351 Solid
101.820 569.714 15.5900 7.4351 state
120.359 567.784 6.3510 4.9562 13
126.708 569.714 27.6741 7.4351 C-NMR
157.379 569.714 24.0497 7.4351 spectra
184.365 569.714 7.0540 7.4351 of
194.400 569.714 9.8494 7.4351 (a)
207.212 569.714 30.2230 7.4351 cellulose
240.434 569.714 2.8199 7.4351 I
243.212 572.503 3.1056 5.6449 β
246.330 569.714 2.1170 7.4351 ,
251.376 569.714 10.3609 7.4351 (b)
264.643 569.714 30.2230 7.4351 cellulose
297.865 569.714 8.4597 7.4351 III
306.311 573.000 2.1149 4.9562 I
308.466 569.714 2.1170 7.4351 ,
313.511 569.714 9.4539 7.4351 (c)
325.871 569.714 30.2230 7.4351 cellulose
359.094 569.714 8.9001 7.4351 IV
367.993 573.000 2.1149 4.9562 I
370.147 569.714 2.1170 7.4351 ,
375.193 569.714 10.3041 7.4351 (d)

53.8589 579.635 30.2230 7.4351 cellulose
85.8908 579.635 7.7569 7.4351 II,
95.4149 579.635 9.4531 7.4351 (e)
106.640 579.635 30.2230 7.4351 cellulose
138.672 579.635 8.4597 7.4351 III
147.118 582.921 4.2298 4.9562 II
151.370 579.635 2.1170 7.4351 ,
155.224 579.635 12.2535 7.4351 and
169.284 579.635 8.4326 7.4351 (f)
179.489 579.635 30.2230 7.4351 cellulose
211.521 579.635 8.9001 7.4351 IV
220.422 582.921 4.2298 4.9562 II
226.431 579.635 29.2576 7.4351 (adapted
257.499 579.635 16.4876 7.4351 from
275.754 579.635 20.7132 7.4351 Isogai
298.261 579.635 6.1648 7.4351 et
306.198 579.635 8.2819 7.4351 al.
316.233 579.635 16.2750 7.4351 [25],
334.261 579.635 32.5348 7.4351 copyright
368.560 579.635 16.9364 7.4351 1989

53.8588 589.613 15.0734 7.4351 with
71.3202 589.613 37.2008 7.4351 permission
110.892 589.613 33.4833 7.4351 American
146.835 589.613 32.6026 7.4351 Chemical
181.815 589.613 28.2923 7.4351 Society)

53.8582 268.436 13.9302 7.5706 Fig.
81.8075 268.504 19.7394 7.4351 X-ray
105.391 268.504 35.8713 7.4351 diffraction
145.076 268.504 26.8781 7.4351 patterns
175.804 268.504 7.0540 7.4351 of
186.632 268.504 9.9061 7.4351 (a)
200.295 268.504 30.2230 7.4351 cellulose
234.368 268.504 2.8199 7.4351 I
237.203 271.294 3.1056 5.6449 β
240.321 268.504 2.1170 7.4351 ,
246.217 268.504 10.3600 7.4351 (b)
260.334 268.504 30.2230 7.4351 cellulose
294.406 268.504 8.4597 7.4351 III
302.910 271.791 2.1149 4.9562 I
305.007 268.504 2.1170 7.4351 ,
310.904 268.504 9.4522 7.4351 (c)
324.169 268.504 30.2230 7.4351 cellulose
358.242 268.504 8.9001 7.4351 IV
367.143 271.791 2.1149 4.9562 I
369.240 268.504 2.1170 7.4351 ,
375.137 268.504 10.3600 7.4351 (d)

53.8588 278.482 30.2230 7.4351 cellulose
87.1380 278.482 7.7569 7.4351 II,
97.9095 278.482 9.4531 7.4351 (e)
110.382 278.482 30.2230 7.4351 cellulose
143.661 278.482 8.4597 7.4351 III
152.107 281.712 4.2298 4.9562 II
156.359 278.482 2.1170 7.4351 ,
161.461 278.482 12.2535 7.4351 and
176.768 278.482 8.4326 7.4351 (f)
188.220 278.482 30.2230 7.4351 cellulose
221.499 278.482 8.9001 7.4351 IV
230.399 281.712 4.2298 4.9562 II
237.656 278.482 29.2576 7.4351 (adapted
269.971 278.482 16.4876 7.4351 from
289.473 278.482 20.7132 7.4351 Isogai
313.227 278.482 6.1648 7.4351 et
322.412 278.482 8.2819 7.4351 al.
333.694 278.482 16.2183 7.4351 [25],
352.969 278.482 32.5348 7.4351 copyright

73.1906 288.403 15.0734 7.4351 with
90.6520 288.403 37.2008 7.4351 permission
130.223 288.403 16.4876 7.4351 from
149.102 288.403 33.4833 7.4351 American
184.989 288.403 32.6026 7.4351 Chemical
220.025 288.403 28.2923 7.4351 Society)

53.8586 36.9712 34.4571 7.4351 Cellulose:
90.7088 36.9712 31.1122 7.4351 Structure
124.214 36.9712 12.2535 7.4351 and
138.897 36.9712 34.3724 7.4351 Properties

381.259 36.9712 4.2341 7.4351 7

53.8582 361.285 45.5998 8.7472 Mercerized
101.932 361.285 35.5565 8.7472 cellulose
140.029 361.285 6.6351 8.7472 II
149.100 361.285 13.8879 8.7472 can
165.485 361.285 23.3224 8.7472 easily
191.337 361.285 9.4346 8.7472 be
203.185 361.285 35.6502 8.7472 achieved
241.282 361.285 9.9626 8.7472 by
253.698 361.285 37.9296 8.7472 treatment
294.119 361.285 8.2988 8.7472 of
304.834 361.285 35.6631 8.7472 cellulose
342.931 361.285 17.7334 8.7472 with
363.170 361.285 22.2863 8.7472 alkali

53.8582 373.190 7.2528 8.7472 at
65.3670 373.190 58.3629 8.7472 concentrations
128.011 372.314 17.6727 9.9626 >18
149.894 373.190 18.3332 8.7472 wt%
172.458 373.190 14.4159 8.7472 and
191.109 373.190 44.3635 8.7472 subsequent
239.752 373.190 36.0048 8.7472 thorough
280.060 373.190 35.7617 8.7472 washing.
320.028 373.190 15.5516 8.7472 The
339.870 373.190 45.6008 8.7472 irreversible

53.8572 385.152 37.8549 8.7472 transition
93.7116 385.152 7.7808 8.7472 to
103.576 385.152 35.5565 8.7472 cellulose
141.220 385.152 6.6351 8.7472 II
149.950 385.152 6.6351 8.7472 is
158.623 385.152 18.2515 8.7472 used
178.919 385.152 11.6164 8.7472 for
192.582 385.152 41.6746 8.7472 improving
236.291 385.152 12.2341 8.7472 the
250.634 385.152 27.7957 8.7472 quality
280.511 385.152 8.2988 8.7472 of
290.829 385.152 27.8614 8.7472 natural
320.763 385.152 22.0871 8.7472 ﬁbers
344.914 385.152 14.4159 8.7472 and
361.411 385.152 24.0597 8.7472 yarns.

53.8572 397.114 41.8878 8.7472 Moreover,
98.6999 397.114 12.2341 8.7472 the
113.893 397.114 37.9406 8.7472 treatment
154.768 397.114 8.2988 8.7472 of
165.993 397.114 35.6422 8.7472 cellulose
204.600 397.114 17.7334 8.7472 with
225.292 397.114 32.7491 8.7472 aqueous
261.009 397.114 22.2863 8.7472 alkali
286.294 397.114 31.1132 8.7472 (mainly
320.423 397.114 32.6674 8.7472 aqueous
356.082 397.114 29.3598 8.7472 sodium

53.8572 409.077 43.8414 8.7472 hydroxide)
102.839 409.077 6.6351 8.7472 is
114.631 409.077 12.2341 8.7472 the
132.035 409.077 14.4159 8.7472 key
151.594 409.077 16.0697 8.7472 step
172.797 409.077 11.6164 8.7472 for
189.578 409.077 39.5993 8.7472 activating
234.308 409.077 12.2341 8.7472 the
251.713 409.077 33.2950 8.7472 polymer
290.206 409.077 19.3972 8.7472 prior
314.754 409.077 7.7808 8.7472 to
327.680 409.077 57.7582 8.7472 heterogeneous

53.8572 421.039 36.2788 8.7472 chemical
92.9744 421.039 53.0877 8.7472 modiﬁcation,
148.929 421.039 46.2474 8.7472 particularly
197.968 421.039 11.6164 8.7472 for
212.481 421.039 47.2725 8.7472 commercial
262.711 421.039 55.3771 8.7472 etheriﬁcation.
320.934 421.039 15.5516 8.7472 The
339.359 421.039 34.9388 8.7472 structure
377.173 421.039 8.2988 8.7472 of

53.8572 433.001 35.5565 8.7472 cellulose
92.8618 433.001 6.6351 8.7472 II
102.896 433.001 15.4420 8.7472 was
121.717 433.001 28.8218 8.7472 revised
153.975 433.001 9.9626 8.7472 by
167.298 433.001 30.5712 8.7472 neutron
201.200 433.001 18.3152 8.7472 ﬁber
222.855 433.001 42.2713 8.7472 diffraction
268.549 433.001 32.2380 8.7472 analysis
304.151 433.001 19.0774 8.7472 [27].
326.605 433.001 18.2515 8.7472 Two
348.262 433.001 25.5043 8.7472 chains
377.175 433.001 8.2988 8.7472 of

53.8562 444.963 35.5565 8.7472 cellulose
93.1437 444.963 12.2241 8.7472 are
109.073 444.963 28.9214 8.7472 located
141.671 444.963 45.1973 8.7472 antiparallel
190.540 444.963 9.9626 8.7472 on
204.146 444.963 12.2341 8.7472 the
220.076 444.963 4.9813 8.7472 2
225.070 448.807 3.7359 5.8308 1
232.440 444.964 16.0697 8.7472 axis
252.169 444.964 8.2988 8.7472 of
264.131 444.964 12.2341 8.7472 the
280.005 444.964 45.0768 8.7472 monoclinic
328.760 444.964 14.5055 8.7472 cell
346.958 444.964 19.0883 8.7472 (Fig.
369.693 444.964 15.7857 8.7472 6b),

53.8583 456.926 22.1867 8.7472 while
81.1269 456.926 12.2341 8.7472 the
98.3612 456.926 25.5979 8.7472 chains
128.975 456.926 12.2241 8.7472 are
146.209 456.926 37.8031 8.7472 displaced
189.069 456.926 30.1488 8.7472 relative
224.218 456.926 7.7808 8.7472 to
237.031 456.926 18.3411 8.7472 each
260.445 456.926 20.6086 8.7472 other
286.070 456.926 9.9626 8.7472 by
301.037 456.926 22.1967 8.7472 about
328.306 456.926 14.4159 8.7472 one
347.751 456.926 24.3785 8.7472 fourth
377.174 456.926 8.2988 8.7472 of

53.8583 468.831 12.2341 8.7472 the
68.9387 468.831 23.9501 8.7472 AGU.

65.8204 480.793 15.5516 8.7472 The
85.4925 480.793 37.9296 8.7472 treatment
127.558 480.793 8.2988 8.7472 of
139.917 480.793 35.6422 8.7472 cellulose
179.714 480.793 3.3175 8.7472 I
187.085 480.793 14.4159 8.7472 and
205.623 480.793 6.6351 8.7472 II
216.395 480.793 17.7334 8.7472 with
238.278 480.793 23.3424 8.7472 liquid
265.717 480.793 37.3348 8.7472 ammonia
307.159 480.793 14.4159 8.7472 and
325.697 480.793 27.2577 8.7472 certain
357.104 480.793 28.3037 8.7472 amines

53.8583 492.755 26.0223 8.7472 results
82.5446 492.755 7.7808 8.7472 in
92.9765 492.755 12.2341 8.7472 the
107.829 492.755 39.4987 8.7472 formation
149.951 492.755 8.2988 8.7472 of
160.836 492.755 35.5565 8.7472 cellulose
199.104 492.755 9.9526 8.7472 III
209.083 496.655 2.4881 5.8308 I
214.185 492.756 14.4159 8.7472 and
231.249 492.756 9.9526 8.7472 III
241.228 496.655 4.9762 5.8308 II
246.217 492.756 2.4906 8.7472 ,
251.263 492.756 50.9766 8.7472 respectively,
304.837 492.756 42.6001 8.7472 possessing
350.077 492.756 12.2341 8.7472 the
364.930 492.756 20.5230 8.7472 same

53.8594 504.718 15.5616 8.7472 unit
71.8310 504.718 14.5912 8.7472 cell
88.7813 504.718 19.1312 8.7472 [26].
110.324 504.718 15.5516 8.7472 The
128.296 504.718 38.8681 8.7472 structures
169.568 504.718 13.8879 8.7472 can
185.895 504.718 23.3224 8.7472 easily
211.690 504.718 9.4346 8.7472 be
223.539 504.718 47.2695 8.7472 reconverted
273.202 504.718 15.6393 8.7472 into
291.230 504.718 35.5565 8.7472 cellulose
329.270 504.718 3.3175 8.7472 I
334.996 504.718 8.2988 8.7472 or
345.710 504.718 6.6351 8.7472 II
354.725 504.718 9.9626 8.7472 by
367.083 504.718 18.3611 8.7472 mild

53.8584 516.680 32.0268 8.7472 heating.
88.9507 516.680 15.5516 8.7472 The
107.602 516.680 41.7702 8.7472 crystalline
152.445 516.680 35.0395 8.7472 structure
190.542 516.680 8.2988 8.7472 of
201.937 516.680 35.5565 8.7472 cellulose
240.658 516.680 9.9526 8.7472 III
250.639 520.523 2.4881 5.8308 I
256.195 516.680 13.8879 8.7472 can
273.146 516.680 9.4346 8.7472 be
285.675 516.680 38.3470 8.7472 described
327.116 516.680 8.2889 8.7472 as
338.455 516.680 4.4533 8.7472 a
345.995 516.680 39.5027 8.7472 one-chain

53.8588 528.642 15.5616 8.7472 unit
71.7735 528.642 14.5912 8.7472 cell
88.6681 528.642 14.4159 8.7472 and
105.449 528.642 4.4533 8.7472 a
112.252 528.642 10.4807 8.7472 P2
122.796 532.485 3.7359 5.8308 1
128.862 528.642 22.1767 8.7472 space
153.410 528.642 25.7982 8.7472 group,
181.587 528.642 17.7334 8.7472 with
201.655 528.642 12.2341 8.7472 the
216.282 528.642 35.5565 8.7472 cellulose
254.266 528.642 21.6687 8.7472 chain
278.360 528.642 16.0697 8.7472 axis
296.785 528.642 9.9626 8.7472 on
309.087 528.642 14.4876 8.7472 one
325.925 528.642 8.2988 8.7472 of
336.526 528.642 12.2341 8.7472 the
351.153 528.642 4.9813 8.7472 2
356.144 532.485 3.7359 5.8308 1
362.210 528.642 23.3105 8.7472 screw

53.8595 540.604 17.7235 8.7472 axes
74.8357 540.604 8.2988 8.7472 of
86.3445 540.604 12.2341 8.7472 the
101.764 540.604 18.4268 8.7472 cells
123.364 540.604 19.1312 8.7472 [28].
145.701 540.604 7.1531 8.7472 A
156.019 540.604 23.9202 8.7472 single
183.119 540.604 21.7623 8.7472 chain
208.063 540.604 8.2988 8.7472 of
219.572 540.604 35.5565 8.7472 cellulose
258.406 540.604 9.9526 8.7472 III
268.384 544.448 2.4881 5.8308 I
274.053 540.605 6.6351 8.7472 is
283.918 540.605 27.7857 8.7472 similar
314.985 540.605 7.7808 8.7472 to
325.927 540.605 14.4159 8.7472 one
343.558 540.605 8.2988 8.7472 of
355.067 540.605 12.2341 8.7472 the
370.544 540.605 14.9339 8.7472 two

53.8591 552.567 25.5043 8.7472 chains
82.2047 552.567 31.7189 8.7472 existing
116.730 552.567 7.7808 8.7472 in
127.331 552.567 4.4533 8.7472 a
134.588 552.567 26.6400 8.7472 crystal
164.068 552.567 8.2988 8.7472 of
175.179 552.567 35.6422 8.7472 cellulose
213.673 552.567 9.1257 8.7472 II.

65.8212 564.472 37.8250 8.7472 Cellulose
107.205 564.472 9.9526 8.7472 III
120.755 564.472 13.8879 8.7472 can
138.273 564.472 9.4346 8.7472 be
151.312 564.472 48.3256 8.7472 transformed
203.185 564.472 15.6393 8.7472 into
222.347 564.472 35.6422 8.7472 cellulose
261.578 564.472 10.4707 8.7472 IV
272.125 568.372 2.4881 5.8308 I
278.192 564.472 8.2988 8.7472 or
290.040 564.472 10.4707 8.7472 IV
300.529 568.372 4.9762 5.8308 II
309.089 564.472 7.7808 8.7472 in
320.484 564.472 32.7670 8.7472 glycerol
356.881 564.472 7.2528 8.7472 at
367.709 564.472 17.7434 8.7472 high

53.8588 576.434 54.2234 8.7472 temperatures,
110.551 576.434 41.5939 8.7472 depending
154.600 576.434 9.9626 8.7472 on
166.959 576.434 12.2341 8.7472 the
181.642 576.434 29.9675 8.7472 starting
214.070 576.434 36.7949 8.7472 materials
253.244 576.434 20.7421 8.7472 used.
276.431 576.434 39.0863 8.7472 However,
317.929 576.434 12.2341 8.7472 the
332.612 576.434 43.8723 8.7472 conversion
378.873 576.434 6.6351 8.7472 is

53.8582 320.367 13.9302 7.5706 Fig.
71.9429 320.367 4.2341 7.5706 6
82.1479 320.435 25.3877 7.4351 Models
111.685 320.435 7.0540 7.4351 of
122.910 320.435 9.9061 7.4351 (a)
136.970 320.435 30.2230 7.4351 cellulose
171.326 320.435 2.8199 7.4351 I
174.160 323.224 3.1056 5.6449 β
177.278 320.435 2.1170 7.4351 ,
183.571 320.435 10.3041 7.4351 (b)
198.029 320.435 30.2230 7.4351 cellulose
232.442 320.435 7.7569 7.4351 II,
244.347 320.435 9.4514 7.4351 (c)
257.896 320.435 30.2230 7.4351 cellulose
292.309 320.435 8.4597 7.4351 III
300.812 323.721 2.1149 4.9562 I
302.910 320.435 2.1170 7.4351 ,
309.202 320.435 12.2535 7.4351 and
325.587 320.435 10.3041 7.4351 (d)
340.044 320.435 30.2230 7.4351 cellulose
374.458 320.435 8.9001 7.4351 IV
383.357 323.721 2.1149 4.9562 I

53.8582 330.356 40.9861 7.4351 (reproduced
97.2281 330.356 16.4876 7.4351 from
116.107 330.356 41.0708 7.4351 Zugenmaier
159.590 330.356 16.2750 7.4351 [26],
178.184 330.356 32.5348 7.4351 copyright
213.164 330.356 19.0534 7.4351 2001,
234.594 330.356 15.0734 7.4351 with
251.998 330.356 37.2008 7.4351 permission
291.627 330.356 16.4876 7.4351 from
310.506 330.356 30.6634 7.4351 Elsevier)

53.8582 36.8581 4.2341 7.4351 8

351.722 36.8581 7.3165 7.4351 T.
361.416 36.8581 24.0497 7.4351 Heinze

53.8582 62.4003 22.1867 8.7472 never
82.3174 62.4003 49.8738 8.7472 quantitative,
138.385 62.4003 24.3685 8.7472 which
169.056 62.4003 47.7906 8.7472 complicates
223.140 62.4003 36.7779 8.7472 complete
266.170 62.4003 32.2380 8.7472 analysis
304.606 62.4003 8.2988 8.7472 of
319.120 62.4003 12.2341 8.7472 the
337.545 62.4003 47.8803 8.7472 crystallinity

53.8582 74.3624 19.1302 8.7472 [29].
75.7978 74.3624 15.5516 8.7472 The
94.1659 74.3624 22.1767 8.7472 space
119.223 74.3624 23.2427 8.7472 group
145.301 74.3624 5.4994 8.7472 P
150.803 78.2057 3.7359 5.8308 1
157.322 74.3627 6.6351 8.7472 is
166.790 74.3627 34.3212 8.7472 assumed
203.980 74.3627 11.6164 8.7472 for
218.437 74.3627 17.7434 8.7472 both
238.960 74.3627 41.3587 8.7472 structures.

65.8213 86.3248 8.2988 8.7472 In
76.1396 86.3248 32.8527 8.7472 addition
111.061 86.3248 7.7808 8.7472 to
120.869 86.3248 12.2341 8.7472 the
135.156 86.3248 41.7533 8.7472 crystalline
178.978 86.3248 36.3874 8.7472 domains,
217.416 86.3248 20.0049 8.7472 there
239.526 86.3248 12.2241 8.7472 are
253.812 86.3248 16.0697 8.7472 also
271.954 86.3248 44.3694 8.7472 amorphous
318.385 86.3248 8.2988 8.7472 or
328.760 86.3248 56.6982 8.7472 noncrystalline

53.8592 98.2301 29.3498 8.7472 regions
88.3278 98.2301 7.7808 8.7472 in
101.140 98.2301 38.1328 8.7472 cellulose,
144.339 98.2301 24.3685 8.7472 which
173.819 98.2301 36.6783 8.7472 inﬂuence
215.545 98.2301 12.2341 8.7472 the
232.893 98.2301 33.2850 8.7472 physical
271.274 98.2301 14.4159 8.7472 and
290.775 98.2301 36.2788 8.7472 chemical
332.103 98.2301 39.9959 8.7472 properties
377.174 98.2301 8.2988 8.7472 of

53.8592 110.192 39.4947 8.7472 celluloses
98.4757 110.192 19.1312 8.7472 [30].
122.740 110.192 47.1729 8.7472 Interactions
175.124 110.192 33.3837 8.7472 between
213.617 110.192 19.3972 8.7472 solid
238.165 110.192 35.6422 8.7472 cellulose
278.983 110.192 14.4159 8.7472 and
298.541 110.192 24.6674 8.7472 water,
328.361 110.192 37.5381 8.7472 enzymes,
371.050 110.192 14.4159 8.7472 and

53.8592 122.154 31.7110 8.7472 reactive
90.8224 122.154 8.2988 8.7472 or
104.259 122.154 41.5839 8.7472 adsorptive
151.086 122.154 42.7007 8.7472 substances
198.934 122.154 22.1867 8.7472 occur
226.316 122.154 15.4520 8.7472 ﬁrst
246.896 122.154 7.2528 8.7472 at
259.311 122.154 12.2341 8.7472 the
276.716 122.154 59.1888 8.7472 noncrystalline,
341.118 122.154 44.3704 8.7472 amorphous

53.8592 134.116 33.8131 8.7472 domains
90.1988 134.116 8.2988 8.7472 or
101.027 134.116 7.2528 8.7472 at
110.721 134.116 12.2341 8.7472 the
125.461 134.116 28.8935 8.7472 surface
156.868 134.116 8.2988 8.7472 of
167.640 134.116 35.5565 8.7472 cellulose
205.737 134.116 33.0459 8.7472 crystals.
241.282 134.116 24.4681 8.7472 Entire
268.268 134.116 44.3694 8.7472 amorphous
315.152 134.116 35.5565 8.7472 cellulose
353.249 134.116 32.2270 8.7472 samples

53.8592 146.078 13.8879 8.7472 can
70.2437 146.078 9.4346 8.7472 be
82.2058 146.078 34.9388 8.7472 prepared
119.735 146.078 9.9626 8.7472 by
132.151 146.078 47.4090 8.7472 ball-milling
182.040 146.078 8.2988 8.7472 of
192.868 146.078 35.5565 8.7472 cellulose
230.965 146.078 19.1322 8.7472 [31],
252.566 146.078 53.4992 8.7472 deacetylation
308.634 146.078 8.2988 8.7472 of
319.406 146.078 35.5565 8.7472 cellulose
357.560 146.078 27.8654 8.7472 acetate

53.8582 158.040 22.7147 8.7472 under
81.9209 158.040 47.6999 8.7472 nonaqueous
134.927 158.040 31.7209 8.7472 alkaline
172.004 158.040 41.6775 8.7472 conditions
219.003 158.040 19.1312 8.7472 [32],
243.437 158.040 8.2988 8.7472 or
257.043 158.040 50.7106 8.7472 precipitation
313.055 158.040 19.3972 8.7472 from
337.773 158.040 47.6999 8.7472 nonaqueous

53.8582 170.002 35.5565 8.7472 cellulose
94.4499 170.002 36.0786 8.7472 solutions
135.439 170.002 15.5616 8.7472 into
155.961 170.002 47.6910 8.7472 nonaqueous
208.629 170.002 24.5439 8.7472 media
238.109 170.002 34.9588 8.7472 avoiding
278.077 170.002 22.0771 8.7472 stress
305.176 170.002 19.0744 8.7472 [33].
329.214 170.002 39.0863 8.7472 However,
373.207 170.002 12.2341 8.7472 the

53.8582 181.964 44.3704 8.7472 amorphous
100.799 181.964 38.8561 8.7472 structures
142.297 181.964 12.2241 8.7472 are
157.150 181.964 28.8318 8.7472 usually
188.614 181.964 33.3657 8.7472 unstable
224.556 181.964 7.7808 8.7472 in
234.931 181.964 12.2341 8.7472 the
249.727 181.964 34.9936 8.7472 presence
287.371 181.964 8.2988 8.7472 of
298.256 181.964 22.1767 8.7472 water
323.087 181.964 14.4159 8.7472 and
340.095 181.964 19.3972 8.7472 form
362.092 181.964 23.3324 8.7472 partly

53.8582 193.870 41.7702 8.7472 crystalline
98.5315 193.870 35.5565 8.7472 cellulose
137.025 193.870 9.1257 8.7472 II.
149.043 193.870 53.0827 8.7472 Interestingly,
205.055 193.870 5.5990 8.7472 it
213.502 193.870 15.4420 8.7472 was
231.871 193.870 23.2427 8.7472 found
258.005 193.870 15.0336 8.7472 that
275.920 193.870 28.3954 8.7472 Raman
307.158 193.870 14.4159 8.7472 and
324.506 193.870 19.3972 8.7472 solid
346.786 193.870 18.3411 8.7472 state
368.050 191.648 7.4718 5.8308 13
375.533 193.871 9.9526 8.7472 C-

53.8594 205.833 22.6051 8.7472 NMR
79.7113 205.833 28.4064 8.7472 spectra
111.345 205.833 8.2988 8.7472 of
122.854 205.833 44.3694 8.7472 amorphous
170.475 205.833 14.4159 8.7472 and
188.163 205.833 25.5242 8.7472 highly
216.906 205.833 41.7533 8.7472 crystalline
261.919 205.833 35.6422 8.7472 cellulose
300.810 205.833 10.4707 8.7472 IV
311.300 209.733 4.9762 5.8308 II
319.521 205.833 12.2241 8.7472 are
334.998 205.833 26.6500 8.7472 almost
364.931 205.833 20.5329 8.7472 iden-

53.8595 217.795 19.7957 8.7472 tical,
76.2525 217.795 24.3685 8.7472 which
103.238 217.795 34.8492 8.7472 conﬁrms
140.711 217.795 12.2341 8.7472 the
155.507 217.795 38.3660 8.7472 similarity
196.496 217.795 8.2988 8.7472 of
207.381 217.795 12.2341 8.7472 the
222.177 217.795 40.5239 8.7472 secondary
265.263 217.795 38.8711 8.7472 structures
306.705 217.795 8.2988 8.7472 of
317.533 217.795 12.2341 8.7472 the
332.330 217.795 14.9339 8.7472 two
349.848 217.795 35.5565 8.7472 cellulose

53.8595 229.757 21.0510 8.7472 types
77.7837 229.757 19.0744 8.7472 [34].

65.8216 241.719 41.6746 8.7472 Regarding
112.648 241.719 12.2341 8.7472 the
130.053 241.719 13.3349 8.7472 use
148.536 241.719 8.2988 8.7472 of
162.028 241.719 35.5565 8.7472 cellulose
202.847 241.719 14.4159 8.7472 and
222.405 241.719 9.5053 8.7472 its
237.032 241.719 36.2758 8.7472 chemical
278.475 241.719 57.6506 8.7472 derivatization,
341.346 241.719 12.2341 8.7472 the
358.750 241.719 26.7197 8.7472 crystal

53.8595 253.681 38.8751 8.7472 structures
96.4347 253.681 8.2988 8.7472 of
108.453 253.681 35.5565 8.7472 cellulose
147.797 253.681 3.3175 8.7472 I
154.770 253.681 14.4159 8.7472 and
172.912 253.681 6.6351 8.7472 II
183.230 253.681 12.2241 8.7472 are
199.217 253.681 41.3846 8.7472 important.
244.344 253.681 10.9887 8.7472 As
259.084 253.681 11.0884 8.7472 far
273.880 253.681 8.2889 8.7472 as
285.899 253.681 14.4159 8.7472 this
303.984 253.681 25.5899 8.7472 author
333.294 253.681 28.4233 8.7472 knows,
365.438 253.681 20.0049 8.7472 there

53.8595 265.643 12.2241 8.7472 are
71.7743 265.643 9.9626 8.7472 no
87.4215 265.643 44.4651 8.7472 established
137.594 265.643 36.1742 8.7472 technical
179.546 265.643 38.2474 8.7472 processes
223.426 265.643 13.2801 8.7472 nor
242.417 265.643 61.6814 8.7472 cellulose-based
309.824 265.643 34.4138 8.7472 products
349.905 265.643 21.5790 8.7472 using
377.173 265.643 8.2988 8.7472 or

53.8595 277.606 42.6001 8.7472 possessing
99.2701 277.606 14.4159 8.7472 any
116.504 277.606 20.6086 8.7472 other
139.918 277.606 41.7702 8.7472 crystalline
184.478 277.606 41.3587 8.7472 structures.

53.8582 323.840 14.9439 10.5683 3.4
80.7871 323.840 60.3733 10.5683 Morphology

53.8582 349.243 19.9252 8.9066 3.4.1
83.7918 349.243 22.7147 8.9066 Plant
109.359 349.243 38.8651 8.9066 Cellulose

53.8582 373.247 37.8250 8.7472 Cellulose
96.4902 373.247 6.6351 8.7472 is
107.942 373.247 39.4021 8.7472 organized
152.218 373.247 7.7808 8.7472 in
164.804 373.247 30.0572 8.7472 parallel
199.726 373.247 43.3244 8.7472 assemblies
247.857 373.247 8.2988 8.7472 of
260.953 373.247 44.5816 8.7472 elementary
310.332 373.247 45.9146 8.7472 crystallites,
361.071 373.247 24.3685 8.7472 which

53.8582 385.209 34.4965 8.7472 organize
91.8426 385.209 15.5616 8.7472 into
110.891 385.209 22.0871 8.7472 ﬁbers
136.459 385.209 12.2341 8.7472 via
152.163 385.209 37.7244 8.7472 hydrogen
193.378 385.209 32.6873 8.7472 bonding
229.547 385.209 19.1322 8.7472 [13].
252.112 385.209 35.0225 8.7472 Whereas
290.607 385.209 20.6166 8.7472 areas
314.645 385.209 8.2988 8.7472 of
326.436 385.209 22.7048 8.7472 lower
352.628 385.209 21.0510 8.7472 order
377.176 385.209 8.2988 8.7472 or

53.8582 397.171 56.7798 8.7472 noncrystalline
113.838 397.171 29.3498 8.7472 regions
146.435 397.171 29.5252 8.7472 contain
179.146 397.171 19.9929 8.7472 turns
202.333 397.171 33.2751 8.7472 between
238.900 397.171 48.3435 8.7472 neighboring
290.434 397.171 27.9949 8.7472 chains,
321.671 397.171 30.5812 8.7472 ordered
355.461 397.171 29.9575 8.7472 crystal-

53.8582 409.133 16.6874 8.7472 lites
75.0616 409.133 18.8692 8.7472 pack
98.4757 409.133 35.5565 8.7472 cellulose
138.614 409.133 25.5043 8.7472 chains
168.604 409.133 25.5840 8.7472 folded
198.650 409.133 7.7808 8.7472 in
210.952 409.133 4.4533 8.7472 a
219.853 409.133 48.4312 8.7472 longitudinal
272.803 409.133 38.1498 8.7472 direction.
315.435 409.133 15.5516 8.7472 The
335.503 409.133 14.9240 8.7472 less
354.948 409.133 30.4856 8.7472 ordered

53.8582 421.095 29.3498 8.7472 regions
86.5126 421.095 28.8318 8.7472 display
118.656 421.095 4.4533 8.7472 a
126.310 421.095 37.9296 8.7472 relatively
167.468 421.095 22.7048 8.7472 lower
193.490 421.095 28.8318 8.7472 density
225.634 421.095 14.4159 8.7472 and
243.265 421.095 20.6106 8.7472 more
267.075 421.095 30.5712 8.7472 random
300.864 421.095 43.4290 8.7472 orientation
347.579 421.095 19.0774 8.7472 [35].
369.919 421.095 15.5516 8.7472 The

53.8582 433.001 35.5565 8.7472 cellulose
93.1457 433.001 25.5979 8.7472 chains
122.398 433.001 29.9575 8.7472 arrange
156.074 433.001 8.2889 8.7472 as
168.036 433.001 4.4533 8.7472 a
176.143 433.001 20.5230 8.7472 basic
200.350 433.001 29.9675 8.7472 ﬁbrillar
234.025 433.001 18.0522 8.7472 unit,
255.739 433.001 12.2341 8.7472 the
271.669 433.001 36.0746 8.7472 so-called
311.467 433.001 44.5707 8.7472 elementary
359.712 433.001 25.7932 8.7472 ﬁbrils,

53.8582 444.963 24.3685 8.7472 which
81.2404 444.963 18.8692 8.7472 have
103.180 444.963 18.8692 8.7472 been
125.062 444.963 33.2850 8.7472 reported
161.402 444.963 7.7808 8.7472 to
172.174 444.963 9.4346 8.7472 be
184.589 444.963 14.9439 8.7472 100
202.504 444.963 12.7621 8.7472 nm
218.265 444.963 7.7808 8.7472 in
229.036 444.963 25.0719 8.7472 length
257.099 444.963 14.4159 8.7472 and
274.503 444.963 18.8692 8.7472 have
296.386 444.963 4.4533 8.7472 a
303.813 444.963 53.4553 8.7472 characteristic
360.335 444.963 25.1675 8.7472 lateral

53.8582 456.925 41.6746 8.7472 dimension
99.8346 456.925 8.2988 8.7472 of
112.477 456.925 29.8878 8.7472 1.5–3.5
146.719 456.925 12.7621 8.7472 nm
163.840 456.925 14.1439 8.7472 [1].
182.267 456.925 19.9152 8.7472 Such
206.531 456.925 44.5587 8.7472 elementary
255.456 456.925 23.3025 8.7472 ﬁbrils
283.065 456.925 12.2241 8.7472 are
299.619 456.925 27.1680 8.7472 further
331.197 456.925 41.5739 8.7472 assembled
377.174 456.925 8.2889 8.7472 as

53.8582 468.887 29.9675 8.7472 ﬁbrillar
87.0795 468.887 33.5700 8.7472 bundles,
123.873 468.887 23.9401 8.7472 called
151.085 468.887 49.1365 8.7472 microﬁbrils,
203.411 468.887 17.7334 8.7472 with
224.388 468.887 26.6260 8.7472 widths
254.208 468.887 7.7808 8.7472 in
265.206 468.887 12.2341 8.7472 the
280.626 468.887 22.1867 8.7472 range
306.081 468.887 8.2988 8.7472 of
317.590 468.887 24.9065 8.7472 10–30
345.709 468.887 15.2527 8.7472 nm.
364.191 468.887 21.2602 8.7472 Also,

53.8582 480.849 53.3816 8.7472 microﬁbrillar
109.926 480.849 23.2328 8.7472 bands
135.778 480.849 21.8878 8.7472 form,
160.326 480.849 8.2988 8.7472 of
171.211 480.849 12.2341 8.7472 the
186.121 480.849 21.0510 8.7472 order
209.818 480.849 8.2988 8.7472 of
220.703 480.849 14.9439 8.7472 100
238.278 480.849 12.7621 8.7472 nm
253.699 480.849 7.7808 8.7472 in
264.074 480.849 22.7147 8.7472 width
289.415 480.849 14.4159 8.7472 and
306.479 480.849 28.9075 8.7472 lengths
338.000 480.849 8.2988 8.7472 of
348.885 480.849 36.5926 8.7472 hundreds

53.8582 492.811 8.2988 8.7472 of
66.7269 492.811 46.1278 8.7472 nanometers
117.466 492.811 8.2988 8.7472 or
130.335 492.811 18.8692 8.7472 even
153.806 492.811 4.4533 8.7472 a
162.876 492.811 14.9240 8.7472 few
182.378 492.811 32.2310 8.7472 microns
219.172 492.811 19.1581 8.7472 (Fig.
242.871 492.811 10.7975 8.7472 7).
258.235 492.811 19.9790 8.7472 Such
282.783 492.811 30.0372 8.7472 ﬁbrillar
317.422 492.811 51.2297 8.7472 architectures
373.207 492.811 12.2241 8.7472 are

53.8582 504.773 53.4842 8.7472 characteristic
112.080 504.773 8.2988 8.7472 of
125.062 504.773 17.7434 8.7472 both
147.455 504.773 24.4681 8.7472 native
176.652 504.773 14.4159 8.7472 and
195.757 504.773 38.9597 8.7472 manmade
239.410 504.773 22.0871 8.7472 ﬁbers
266.225 504.773 19.1332 8.7472 [13].
290.038 504.773 39.0863 8.7472 However,
333.748 504.773 7.7808 8.7472 in
346.220 504.773 20.0149 8.7472 plant
370.938 504.773 14.5055 8.7472 cell

53.8572 516.735 23.5317 8.7472 walls,
81.3530 516.735 4.4533 8.7472 a
89.7435 516.735 25.5043 8.7472 sheath
119.223 516.735 8.2988 8.7472 of
131.469 516.735 44.3704 8.7472 amorphous
179.771 516.735 38.1498 8.7472 cellulose,
221.836 516.735 24.3685 8.7472 which
250.183 516.735 6.6351 8.7472 is
260.727 516.735 44.8925 8.7472 surrounded
309.539 516.735 9.9626 8.7472 by
323.429 516.735 62.0022 8.7472 hemicelluloses,

53.8572 528.641 27.1680 8.7472 further
83.9044 528.641 26.0223 8.7472 covers
112.761 528.641 12.2341 8.7472 the
127.841 528.641 46.6469 8.7472 microﬁbrils
177.333 528.641 14.0861 8.7472 [9].

65.8203 540.603 24.8866 8.7472 Fibers
94.5066 540.603 19.3972 8.7472 from
117.693 540.603 34.4208 8.7472 different
155.960 540.603 29.8579 8.7472 sources
189.636 540.603 28.8318 8.7472 display
222.290 540.603 34.4208 8.7472 different
260.558 540.603 54.9607 8.7472 morphologies
319.291 540.603 14.4159 8.7472 and
337.490 540.603 48.0008 8.7472 dimensions.

53.8582 552.565 13.7982 8.7472 For
69.7884 552.565 36.4801 8.7472 example,
108.395 552.565 24.9962 8.7472 cotton
135.494 552.565 22.1508 8.7472 ﬁbers
159.758 552.565 12.2241 8.7472 are
174.101 552.565 28.9015 8.7472 twisted
205.112 552.565 19.1581 8.7472 (Fig.
226.373 552.565 12.7282 8.7472 8a)
241.226 552.565 32.7481 8.7472 whereas
276.091 552.565 21.0510 8.7472 those
299.278 552.565 19.3972 8.7472 from
320.822 552.565 26.0223 8.7472 spruce
348.998 552.565 22.0970 8.7472 wood
373.262 552.565 12.2241 8.7472 are

53.8572 564.527 37.3169 8.7472 generally
94.5046 564.527 38.8830 8.7472 untwisted
136.683 564.527 19.0883 8.7472 (Fig.
159.079 564.527 15.7857 8.7472 8b).
178.184 564.527 8.2988 8.7472 In
189.806 564.527 34.1877 8.7472 contrast,
227.336 564.527 22.0871 8.7472 ﬁbers
252.791 564.527 19.3972 8.7472 from
275.525 564.527 16.0697 8.7472 bast
294.914 564.527 23.9262 8.7472 plants
322.126 564.527 12.2241 8.7472 are
337.716 564.527 29.9675 8.7472 straight
371.051 564.527 14.4159 8.7472 and

53.8572 576.489 23.2427 8.7472 round
81.9198 576.489 19.0883 8.7472 (Fig.
105.787 576.489 15.2757 8.7472 8c).
125.855 576.489 53.0827 8.7472 Interestingly,
183.738 576.489 17.2154 8.7472 they
205.791 576.489 10.0523 8.7472 all
220.645 576.489 21.0410 8.7472 share
246.497 576.489 9.4346 8.7472 an
260.726 576.489 30.5852 8.7472 internal
296.159 576.489 34.9388 8.7472 structure
335.957 576.489 21.6687 8.7472 made
362.432 576.489 9.9626 8.7472 up
377.172 576.489 8.2988 8.7472 of

53.8562 588.451 33.4793 8.7472 multiple
90.0822 588.451 14.5055 8.7472 cell
107.373 588.451 17.2054 8.7472 wall
127.385 588.451 26.3312 8.7472 layers.
156.524 588.451 28.2958 8.7472 During
187.535 588.451 12.2341 8.7472 the
202.558 588.451 28.3037 8.7472 growth
233.626 588.451 28.0049 8.7472 period,
264.409 588.451 20.0906 8.7472 plant
287.257 588.451 22.0871 8.7472 ﬁbers
312.144 588.451 31.6313 8.7472 develop
346.556 588.451 4.4533 8.7472 a
353.813 588.451 31.6313 8.7472 primary

53.8582 36.9709 34.4571 7.4351 Cellulose:
90.7084 36.9709 31.1122 7.4351 Structure
124.213 36.9709 12.2535 7.4351 and
138.897 36.9709 34.3724 7.4351 Properties

381.259 36.9709 4.2341 7.4351 9

53.8582 492.756 14.5055 8.7472 cell
70.6392 492.756 17.2054 8.7472 wall
90.0842 492.756 20.0985 8.7472 layer
112.364 492.756 12.1344 8.7472 (P)
126.764 492.756 15.0336 8.7472 that
144.055 492.756 6.6351 8.7472 is
152.956 492.756 22.1967 8.7472 much
177.390 492.756 28.3137 8.7472 thinner
208.004 492.756 17.2154 8.7472 than
227.506 492.756 12.2341 8.7472 the
241.963 492.756 40.5239 8.7472 secondary
284.709 492.756 17.2054 8.7472 wall
304.211 492.756 14.6251 8.7472 (S),
321.105 492.756 24.3685 8.7472 which
347.750 492.756 6.6351 8.7472 is
356.594 492.756 28.8318 8.7472 formed

53.8582 504.718 9.9626 8.7472 on
67.3505 504.718 9.4346 8.7472 its
80.3328 504.718 20.5329 8.7472 inner
104.427 504.718 18.5603 8.7472 side.
126.537 504.718 29.4196 8.7472 Further
159.475 504.718 26.3411 8.7472 inside,
189.409 504.718 12.2341 8.7472 the
205.170 504.718 29.0191 8.7472 tertiary
237.712 504.718 14.5055 8.7472 cell
255.797 504.718 17.2054 8.7472 wall
276.546 504.718 12.7521 8.7472 (T)
292.873 504.718 6.6351 8.7472 is
303.021 504.718 32.7600 8.7472 exposed
339.304 504.718 7.7808 8.7472 to
350.586 504.718 9.4346 8.7472 an
363.568 504.718 21.8878 8.7472 open,

53.8582 516.680 27.6960 8.7472 hollow
84.1883 516.680 16.6774 8.7472 area
103.520 516.680 8.2988 8.7472 or
114.405 516.680 24.9962 8.7472 lumen
142.072 516.680 34.9488 8.7472 resulting
179.658 516.680 7.7808 8.7472 in
190.034 516.680 27.2676 8.7472 typical
219.967 516.680 30.2694 8.7472 hollow,
252.792 516.680 51.2805 8.7472 cylinder-like
306.649 516.680 20.0149 8.7472 plant
329.269 516.680 20.9175 8.7472 cells.
352.796 516.680 15.5516 8.7472 The
370.937 516.680 14.5055 8.7472 cell

53.8582 528.642 17.2054 8.7472 wall
75.4013 528.642 37.2073 8.7472 thickness
116.899 528.642 14.4159 8.7472 and
135.608 528.642 24.9962 8.7472 length
164.918 528.642 8.2988 8.7472 of
177.504 528.642 20.0906 8.7472 plant
201.824 528.642 22.1508 8.7472 ﬁbers
228.242 528.642 12.2241 8.7472 are
244.796 528.642 22.1967 8.7472 about
271.328 528.642 14.9439 8.7472 4–6
290.547 528.642 9.9626 8.7472 30
304.780 527.765 12.9962 9.9626 μm
322.071 528.642 14.4159 8.7472 and
340.780 528.642 24.9065 8.7472 15–30
370.033 527.765 15.4301 9.9626 μm,

53.8582 540.604 50.9079 8.7472 respectively.
107.375 540.604 15.5516 8.7472 The
125.517 540.604 5.4994 8.7472 P
133.623 540.604 14.4159 8.7472 and
150.631 540.604 6.1170 8.7472 T
159.362 540.604 23.8405 8.7472 layers
185.837 540.604 29.4494 8.7472 contain
217.925 540.604 42.2026 8.7472 disordered
262.712 540.604 35.5565 8.7472 cellulose
300.922 540.604 16.0697 8.7472 nets
319.631 540.604 17.7334 8.7472 with
339.984 540.604 45.5111 8.7472 dimensions

53.8582 552.566 8.2988 8.7472 of
65.7635 552.566 20.4014 8.7472 ~100
89.7445 552.566 15.2527 8.7472 nm.
108.679 552.566 15.5516 8.7472 The
127.841 552.566 33.9087 8.7472 swelling
165.372 552.566 57.3487 8.7472 characteristics
226.372 552.566 8.2988 8.7472 of
238.277 552.566 22.0871 8.7472 ﬁbers
264.016 552.566 11.6064 8.7472 (as
279.266 552.566 17.2054 8.7472 well
300.128 552.566 8.2889 8.7472 as
312.090 552.566 18.3511 8.7472 their
334.087 552.566 33.2850 8.7472 physical
371.050 552.566 14.4159 8.7472 and

53.8582 564.472 36.2788 8.7472 chemical
92.1813 564.472 43.3134 8.7472 properties)
137.591 564.472 12.2241 8.7472 are
151.935 564.472 41.6596 8.7472 inﬂuenced
195.701 564.472 9.9626 8.7472 by
207.720 564.472 12.2341 8.7472 the
222.007 564.472 55.7975 8.7472 conﬁguration,
279.945 564.472 51.9679 8.7472 composition,
333.973 564.472 14.4159 8.7472 and
350.470 564.472 34.9388 8.7472 structure

53.8582 576.434 8.2988 8.7472 of
64.9695 576.434 12.2341 8.7472 the
79.9931 576.434 5.4994 8.7472 P
88.2700 576.434 22.5892 8.7472 layer,
113.668 576.434 24.3685 8.7472 which
140.880 576.434 33.2850 8.7472 contains
176.992 576.434 46.6469 8.7472 microﬁbrils
226.485 576.434 51.5176 8.7472 criss-crossed
280.853 576.434 17.7434 8.7472 onto
301.376 576.434 18.3411 8.7472 each
322.579 576.434 20.5329 8.7472 other
345.936 576.434 7.7808 8.7472 to
356.537 576.434 21.6687 8.7472 make
381.029 576.434 4.4533 8.7472 a

53.8582 588.396 51.1111 8.7472 network-like
107.488 588.396 26.7396 8.7472 helical
136.742 588.396 37.5231 8.7472 structure.
176.766 588.396 15.5516 8.7472 The
194.795 588.396 40.5239 8.7472 secondary
237.824 588.396 20.0049 8.7472 layer
260.331 588.396 23.6512 8.7472 (~3–5
286.524 587.519 12.9394 9.9626 μm
301.944 588.396 40.5249 8.7472 thickness)
344.973 588.396 40.4382 8.7472 comprises

53.8582 295.592 13.9302 7.5706 Fig.
70.2992 295.592 4.2341 7.5706 7
80.5034 295.660 40.0122 7.4351 Association
123.079 295.660 7.0540 7.4351 of
132.604 295.660 30.2230 7.4351 cellulose
165.372 295.660 34.4571 7.4351 molecules
202.393 295.660 6.6137 7.4351 in
211.520 295.660 10.3989 7.4351 the
224.446 295.660 17.0126 7.4351 plant
243.949 295.660 12.3297 7.4351 cell
258.802 295.660 14.6246 7.4351 wall
275.979 295.660 40.9861 7.4351 (reproduced
319.463 295.660 16.4876 7.4351 from
338.512 295.660 46.9900 7.4351 https://public.

53.8582 305.638 280.882 7.4351 ornl.gov/site/gallery/detail.cfm?id¼181&topic¼&citation¼&general¼Cellulose&

53.8582 315.560 53.5377 7.4351 restsection¼all,
110.664 315.560 14.9887 7.4351 U.S.
128.919 315.560 40.0969 7.4351 Department
172.289 315.560 7.0540 7.4351 of
182.607 315.560 24.5070 7.4351 Energy
210.387 315.560 31.1122 7.4351 Genomic
244.800 315.560 26.4293 7.4351 Science
274.508 315.560 30.8581 7.4351 program,
308.692 315.560 76.7642 7.4351 http://genomicscience.

53.8582 325.538 40.7473 7.4351 energy.gov)

53.8582 451.951 13.9302 7.5706 Fig.
70.8098 451.951 4.2341 7.5706 8
81.0140 452.019 43.2810 7.4351 Micrographs
127.332 452.019 7.0540 7.4351 of
137.424 452.019 9.9061 7.4351 (a)
150.350 452.019 24.4985 7.4351 twisted
177.846 452.019 21.2467 7.4351 cotton
202.167 452.019 20.8910 7.4351 ﬁbers,
226.092 452.019 10.3024 7.4351 (b)
239.414 452.019 30.6634 7.4351 tracheids
273.146 452.019 7.0540 7.4351 of
283.181 452.019 22.1189 7.4351 spruce
308.353 452.019 20.8995 7.4351 wood,
332.277 452.019 12.2535 7.4351 and
347.584 452.019 9.3963 7.4351 (c)
360.000 452.019 25.4723 7.4351 straight

53.8591 461.997 18.7740 7.4351 ﬁbers
75.0058 461.997 7.0540 7.4351 of
84.4733 461.997 19.3837 7.4351 ramie
106.243 461.997 40.9861 7.4351 (reproduced
149.613 461.997 15.0734 7.4351 with
167.074 461.997 37.2008 7.4351 permission
206.703 461.997 16.4876 7.4351 from
225.582 461.997 32.0860 7.4351 Ioelovich
260.051 461.997 12.2535 7.4351 and
274.678 461.997 24.0666 7.4351 Leykin
301.154 461.997 16.9203 7.4351 [36])

53.8591 36.8584 8.4682 7.4351 10

351.722 36.8584 7.3165 7.4351 T.
361.417 36.8584 24.0497 7.4351 Heinze

53.8582 62.4003 20.0049 8.7472 three
76.4215 62.4003 37.7373 8.7472 sublayers
116.615 62.4003 16.2889 8.7472 (S1,
135.436 62.4003 12.9713 8.7472 S2,
150.857 62.4003 14.4159 8.7472 and
167.808 62.4003 13.7982 8.7472 S3)
184.136 62.4003 8.2988 8.7472 of
194.907 62.4003 24.3685 8.7472 which
221.836 62.4003 10.4807 8.7472 S2
234.818 62.4003 6.6351 8.7472 is
243.946 62.4003 12.2341 8.7472 the
258.686 62.4003 31.1032 8.7472 thickest
292.305 62.4003 18.2614 8.7472 (2–4
313.113 61.5236 18.8044 9.9626 μm).
334.373 62.4003 15.6214 8.7472 The
352.457 62.4003 10.4807 8.7472 S2
365.439 62.4003 20.0049 8.7472 layer

53.8582 74.3624 33.3717 8.7472 contains
89.5173 74.3624 46.6598 8.7472 microﬁbrils
138.442 74.3624 34.9388 8.7472 arranged
175.745 74.3624 30.0572 8.7472 parallel
208.173 74.3624 7.7808 8.7472 to
218.208 74.3624 18.3411 8.7472 each
238.843 74.3624 20.6086 8.7472 other
261.691 74.3624 14.4159 8.7472 and
278.415 74.3624 32.8487 8.7472 oriented
313.564 74.3624 7.2528 8.7472 at
323.088 74.3624 4.4533 8.7472 a
329.778 74.3624 22.2724 8.7472 given
354.326 74.3624 31.0933 8.7472 average

53.8582 86.3245 26.8373 8.7472 helical
84.6426 86.3245 21.7444 8.7472 angle
110.381 86.3245 17.7334 8.7472 with
132.094 86.3245 28.3735 8.7472 respect
164.466 86.3245 7.7808 8.7472 to
176.257 86.3245 12.2341 8.7472 the
192.471 86.3245 18.2515 8.7472 ﬁber
214.752 86.3245 18.5603 8.7472 axis,
237.315 86.3245 12.2341 8.7472 the
253.586 86.3245 36.0746 8.7472 so-called
293.724 86.3245 42.8113 8.7472 microﬁbril
340.552 86.3245 24.1593 8.7472 angle.
368.729 86.3245 6.1170 8.7472 It
378.877 86.3245 6.6351 8.7472 is

53.8582 98.2298 45.5301 8.7472 noteworthy
104.087 98.2298 15.0336 8.7472 that
123.873 98.2298 12.2341 8.7472 the
140.881 98.2298 26.1219 8.7472 tensile
171.778 98.2298 32.2499 8.7472 strength
208.741 98.2298 8.2988 8.7472 of
221.780 98.2298 12.2341 8.7472 the
238.732 98.2298 22.1508 8.7472 ﬁbers
265.604 98.2298 38.9558 8.7472 correlates
309.314 98.2298 36.6942 8.7472 inversely
350.699 98.2298 17.8151 8.7472 with
373.206 98.2298 12.2341 8.7472 the

53.8582 110.191 42.8113 8.7472 microﬁbril
100.855 110.191 21.7444 8.7472 angle
126.764 110.191 19.1312 8.7472 [36].
150.065 110.191 15.5516 8.7472 The
169.794 110.191 22.1508 8.7472 ﬁbers
196.099 110.191 16.1494 8.7472 also
216.395 110.191 28.9015 8.7472 display
249.502 110.191 4.4533 8.7472 a
258.120 110.191 27.7857 8.7472 variety
290.151 110.191 8.2988 8.7472 of
302.623 110.191 31.7030 8.7472 features
338.509 110.191 14.4159 8.7472 and
357.104 110.191 28.3795 8.7472 defects

53.8582 122.154 15.0336 8.7472 that
71.7729 122.154 35.2367 8.7472 facilitate
109.813 122.154 36.2758 8.7472 chemical
148.931 122.154 24.0298 8.7472 attack
175.803 122.154 14.4159 8.7472 and
193.037 122.154 45.7024 8.7472 mechanical
241.623 122.154 28.7132 8.7472 failure,
273.144 122.154 37.8549 8.7472 including
313.849 122.154 21.5690 8.7472 pores
338.283 122.154 8.2988 8.7472 or
349.451 122.154 35.9949 8.7472 openings

53.8582 134.116 23.5416 8.7472 (pits),
80.2770 134.116 27.9849 8.7472 cracks,
111.117 134.116 31.1032 8.7472 damage
145.075 134.116 20.2141 8.7472 sites,
168.149 134.116 50.5622 8.7472 compression
221.496 134.116 32.4482 8.7472 failures,
256.816 134.116 25.7234 8.7472 nodes,
285.389 134.116 14.4159 8.7472 and
302.623 134.116 33.3767 8.7472 thinning
338.793 134.116 31.8405 8.7472 regions.

65.8203 146.078 15.5516 8.7472 The
84.5291 146.078 29.9675 8.7472 ﬁbrillar
117.693 146.078 50.1039 8.7472 arrangement
170.926 146.078 8.2988 8.7472 of
182.378 146.078 46.7634 8.7472 regenerated
232.267 146.078 35.5565 8.7472 cellulose
271.044 146.078 6.6351 8.7472 is
280.796 146.078 37.3139 8.7472 different;
321.274 146.078 38.9787 8.7472 manmade
363.339 146.078 22.1508 8.7472 ﬁbers

53.8582 158.040 16.0697 8.7472 also
72.6237 158.040 27.6861 8.7472 consist
103.010 158.040 8.2988 8.7472 of
114.009 158.040 44.5707 8.7472 elementary
161.234 158.040 23.2965 8.7472 ﬁbrils
187.198 158.040 12.7621 8.7472 but
202.618 158.040 17.7334 8.7472 with
223.084 158.040 4.4533 8.7472 a
230.171 158.040 30.5712 8.7472 random
263.393 158.040 32.2489 8.7472 location
298.372 158.040 7.7808 8.7472 in
308.804 158.040 12.2341 8.7472 the
323.770 158.040 61.6695 8.7472 supramolecular

53.8582 170.002 35.0395 8.7472 structure
90.9350 170.002 19.1312 8.7472 [37].
112.081 170.002 37.7413 8.7472 Applying
151.822 170.002 4.4533 8.7472 a
158.342 170.002 50.7066 8.7472 precipitation
211.121 170.002 29.8579 8.7472 process
243.095 170.002 30.4955 8.7472 without
275.693 170.002 21.0410 8.7472 shear
298.823 170.002 26.8492 8.7472 forces,
327.736 170.002 12.2341 8.7472 the
342.022 170.002 43.4070 8.7472 crystallites

53.8582 181.964 12.2241 8.7472 are
69.5055 181.964 38.3520 8.7472 randomly
111.287 181.964 42.7296 8.7472 distributed
157.491 181.964 7.7808 8.7472 in
168.659 181.964 4.4533 8.7472 a
176.539 181.964 66.6508 8.7472 semi-amorphous
246.554 181.964 28.6225 8.7472 matrix,
278.642 181.964 32.7271 8.7472 whereas
314.811 181.964 7.7808 8.7472 in
325.979 181.964 4.4533 8.7472 a
333.803 181.964 51.6342 8.7472 ﬁlm-forming

53.8582 193.869 40.0208 8.7472 procedure
96.8309 193.869 12.2341 8.7472 the
112.080 193.869 43.4240 8.7472 crystallites
158.511 193.869 12.2241 8.7472 are
173.705 193.869 41.6656 8.7472 positioned
218.378 193.869 30.1428 8.7472 parallel
251.486 193.869 7.7808 8.7472 to
262.257 193.869 12.2341 8.7472 the
277.507 193.869 16.0796 8.7472 ﬁlm
296.556 193.869 28.8118 8.7472 surface
328.417 193.869 17.7334 8.7472 with
349.166 193.869 9.4346 8.7472 an
361.582 193.869 23.8505 8.7472 orien-

53.8582 205.831 22.8144 8.7472 tation
81.5243 205.831 7.7808 8.7472 in
94.1669 205.831 12.2341 8.7472 the
111.230 205.831 35.5665 8.7472 direction
151.652 205.831 8.3636 8.7472 of
164.804 205.831 12.2341 8.7472 the
181.868 205.831 19.9053 8.7472 draw
206.643 205.831 19.1322 8.7472 [38].
230.568 205.831 15.5516 8.7472 The
250.978 205.831 43.4240 8.7472 crystallites
299.223 205.831 12.2241 8.7472 are
316.343 205.831 29.4494 8.7472 aligned
350.642 205.831 17.7334 8.7472 with
373.262 205.831 12.2341 8.7472 the

53.8582 217.794 48.4103 8.7472 longitudinal
106.752 217.794 16.0697 8.7472 axis
127.275 217.794 7.7808 8.7472 in
139.464 217.794 12.2341 8.7472 the
156.189 217.794 35.5665 8.7472 direction
196.270 217.794 8.2988 8.7472 of
208.969 217.794 26.7217 8.7472 stretch
240.150 217.794 7.7808 8.7472 in
252.340 217.794 46.7306 8.7472 regenerated
303.589 217.794 35.5565 8.7472 cellulose
343.671 217.794 24.5777 8.7472 ﬁbers,
372.697 217.794 12.7621 8.7472 but

53.8582 229.756 17.7334 8.7472 with
75.4013 229.756 4.4533 8.7472 a
83.6215 229.756 27.2577 8.7472 certain
114.688 229.756 40.5199 8.7472 transverse
159.022 229.756 57.7622 8.7472 nonuniformity
220.590 229.756 15.0336 8.7472 that
239.411 229.756 32.7481 8.7472 depends
275.920 229.756 9.9626 8.7472 on
289.640 229.756 12.2341 8.7472 the
305.627 229.756 34.4108 8.7472 spinning
343.837 229.756 41.5939 8.7472 conditions

53.8582 241.718 32.0268 8.7472 applied.

53.8582 277.524 19.9252 8.9066 3.4.2
83.7918 277.524 52.7012 8.9066 Morphology
139.293 277.524 8.2988 8.9066 of
150.404 277.524 38.9827 8.9066 Bacterial
192.186 277.524 38.8601 8.9066 Cellulose

53.8582 301.528 41.6656 8.7472 Compared
98.7018 301.528 17.7334 8.7472 with
119.678 301.528 20.0149 8.7472 plant
142.865 301.528 38.1328 8.7472 cellulose,
184.192 301.528 34.6041 8.7472 bacterial
222.007 301.528 35.5565 8.7472 cellulose
260.841 301.528 19.9053 8.7472 (BC)
283.971 301.528 6.6351 8.7472 is
293.779 301.528 17.7334 8.7472 very
314.699 301.528 17.7334 8.7472 pure
335.675 301.528 36.6026 8.7472 (contains
375.529 301.528 9.9626 8.7472 no

53.8582 313.490 59.5116 8.7472 hemicelluloses
116.672 313.490 14.4159 8.7472 and
134.303 313.490 26.7316 8.7472 lignin)
164.236 313.490 14.4159 8.7472 and
181.924 313.490 17.7434 8.7472 only
202.900 313.490 4.4533 8.7472 a
210.610 313.490 17.7334 8.7472 very
231.587 313.490 14.9339 8.7472 low
249.785 313.490 29.9775 8.7472 amount
283.007 313.490 8.2988 8.7472 of
294.572 313.490 34.9488 8.7472 carbonyl
332.783 313.490 14.4159 8.7472 and
350.470 313.490 34.9488 8.7472 carboxyl

53.8582 325.452 33.9954 8.7472 moieties
90.0274 325.452 12.2241 8.7472 are
104.427 325.452 28.8218 8.7472 present
135.437 325.452 14.1429 8.7472 [7].
151.766 325.452 13.2702 8.7472 BC
167.186 325.452 38.1269 8.7472 possesses
207.495 325.452 17.7434 8.7472 high
227.394 325.452 47.8803 8.7472 crystallinity
277.510 325.452 23.8505 8.7472 (more
303.531 325.452 17.2154 8.7472 than
322.976 325.452 24.0696 8.7472 80%),
349.225 325.452 36.2718 8.7472 excellent

53.8582 337.358 22.1767 8.7472 water
79.6534 337.358 42.1119 8.7472 absorption
125.403 337.358 35.8654 8.7472 capacity,
164.918 337.358 14.4159 8.7472 and
182.889 337.358 53.9106 8.7472 extraordinary
240.376 337.358 45.7214 8.7472 mechanical
289.641 337.358 34.7406 8.7472 strength,
327.908 337.358 46.2434 8.7472 particularly
377.683 337.358 7.7808 8.7472 in

53.8582 349.320 12.2341 8.7472 the
69.2783 349.320 14.4059 8.7472 wet
86.9091 349.320 20.8318 8.7472 state,
110.946 349.320 35.0424 8.7472 resulting
149.157 349.320 27.7957 8.7472 mainly
180.168 349.320 19.3972 8.7472 from
202.788 349.320 12.2341 8.7472 the
218.208 349.320 34.9289 8.7472 presence
256.362 349.320 8.3636 8.7472 of
267.870 349.320 42.7127 8.7472 nanoﬁbrils
313.734 349.320 8.2988 8.7472 of
325.243 349.320 13.2702 8.7472 BC
341.683 349.320 23.3224 8.7472 rather
368.271 349.320 17.2154 8.7472 than

53.8582 361.282 45.5012 8.7472 microﬁbers
102.103 361.282 8.2988 8.7472 of
113.158 361.282 20.0149 8.7472 plant
135.949 361.282 35.5565 8.7472 cellulose
174.329 361.282 16.0597 8.7472 (see
193.151 361.282 19.6961 8.7472 Sect.
215.602 361.282 10.7975 8.7472 4).
229.152 361.282 12.1344 8.7472 An
244.005 361.282 38.9797 8.7472 important
285.730 361.282 40.5378 8.7472 advantage
329.099 361.282 8.2988 8.7472 of
340.154 361.282 13.2702 8.7472 BC
356.141 361.282 6.6351 8.7472 is
365.552 361.282 9.4346 8.7472 its
377.684 361.282 7.7808 8.7472 in

53.8582 373.244 14.4159 8.7472 situ
71.0925 373.244 46.2613 8.7472 moldability
120.131 373.244 18.1080 8.7472 (i.e.,
141.050 373.244 31.0136 8.7472 shaping
174.895 373.244 26.1199 8.7472 during
203.809 373.244 52.6533 8.7472 biosynthesis)
259.310 373.244 19.1322 8.7472 [39].

65.8203 385.206 13.2702 8.7472 BC
82.2048 385.206 31.6143 8.7472 consists
116.899 385.206 8.2988 8.7472 of
128.294 385.206 4.4533 8.7472 a
135.891 385.206 72.3604 8.7472 three-dimensional
211.348 385.206 32.6674 8.7472 network
247.177 385.206 8.2988 8.7472 of
258.572 385.206 33.3657 8.7472 ultraﬁne
295.024 385.206 35.6631 8.7472 cellulose
333.802 385.206 23.2328 8.7472 ﬁbrils
360.164 385.206 17.7334 8.7472 with
381.027 385.206 4.4533 8.7472 a

53.8582 397.168 35.0385 8.7472 diameter
91.7280 397.168 7.7808 8.7472 in
102.215 397.168 12.2341 8.7472 the
117.182 397.168 22.1867 8.7472 range
142.126 397.168 8.2988 8.7472 of
153.182 397.168 29.8878 8.7472 80–150
185.836 397.168 12.7621 8.7472 nm
201.313 397.168 14.4159 8.7472 and
218.491 397.168 13.8879 8.7472 can
235.101 397.168 29.5252 8.7472 contain
267.359 397.168 9.9626 8.7472 up
280.059 397.168 7.7808 8.7472 to
290.546 397.168 18.2614 8.7472 99%
311.579 397.168 22.1767 8.7472 water
336.524 397.168 7.7808 8.7472 in
347.011 397.168 12.2341 8.7472 the
362.035 397.168 23.4320 8.7472 initial

53.8582 409.130 46.1358 8.7472 never-dried
103.746 409.130 20.9115 8.7472 state.
128.407 409.130 8.2988 8.7472 In
140.483 409.130 35.3642 8.7472 addition,
179.600 409.130 12.2341 8.7472 the
195.587 409.130 12.6525 8.7472 DP
212.027 409.130 21.7444 8.7472 value
237.481 409.130 8.3636 8.7472 of
249.557 409.130 13.2702 8.7472 BC
266.621 409.130 6.6351 8.7472 is
277.053 409.130 20.2340 8.7472 high,
301.034 409.130 17.7334 8.7472 with
322.577 409.130 25.5800 8.7472 values
351.887 409.130 8.2988 8.7472 of
363.963 409.130 9.9626 8.7472 up
377.682 409.130 7.7808 8.7472 to

53.8582 421.092 27.3971 8.7472 10,000
84.0747 421.092 19.1312 8.7472 [40].

65.8203 432.998 24.8866 8.7472 Under
92.7492 432.998 21.2203 8.7472 static
115.992 432.998 27.8674 8.7472 culture
145.869 432.998 44.1891 8.7472 conditions,
192.074 432.998 23.8405 8.7472 layers
217.983 432.998 31.0733 8.7472 (sheets)
251.090 432.998 8.2988 8.7472 of
261.409 432.998 13.2702 8.7472 BC
276.715 432.998 8.2988 8.7472 of
287.033 432.998 9.9626 8.7472 up
299.052 432.998 7.7808 8.7472 to
308.860 432.998 28.2938 8.7472 several
339.247 432.998 46.2454 8.7472 centimeters

53.8582 444.960 37.2073 8.7472 thickness
93.2593 444.960 12.2241 8.7472 are
107.659 444.960 28.8318 8.7472 formed
138.783 444.960 9.9626 8.7472 on
150.915 444.960 12.2341 8.7472 the
165.315 444.960 28.8935 8.7472 surface
196.439 444.960 8.2988 8.7472 of
206.871 444.960 12.2341 8.7472 the
221.328 444.960 27.8674 8.7472 culture
251.375 444.960 35.2676 8.7472 medium.
288.905 444.960 6.1170 8.7472 It
297.182 444.960 6.6351 8.7472 is
306.026 444.960 38.8940 8.7472 important
347.185 444.960 7.7808 8.7472 to
357.105 444.960 28.3894 8.7472 control

53.8582 456.922 12.2341 8.7472 the
68.6546 456.922 12.1344 8.7472 pH
83.2817 456.922 31.7030 8.7472 because
117.524 456.922 12.2341 8.7472 the
132.263 456.922 54.0302 8.7472 accumulation
188.842 456.922 8.2988 8.7472 of
199.670 456.922 40.3336 8.7472 gluconic-,
242.529 456.922 29.2203 8.7472 acetic-,
274.334 456.922 8.2988 8.7472 or
285.162 456.922 21.7583 8.7472 lactic
309.483 456.922 20.5230 8.7472 acids
332.556 456.922 7.7808 8.7472 in
342.875 456.922 12.2341 8.7472 the
357.671 456.922 27.7857 8.7472 culture

53.8582 468.884 21.0609 8.7472 broth
77.4984 468.884 38.3610 8.7472 decreases
118.373 468.884 12.2341 8.7472 the
133.169 468.884 12.1344 8.7472 pH
147.852 468.884 11.0884 8.7472 far
161.515 468.884 24.4442 8.7472 below
188.500 468.884 12.2341 8.7472 the
203.297 468.884 36.1045 8.7472 optimum
242.017 468.884 11.6164 8.7472 for
256.190 468.884 28.2141 8.7472 growth
286.974 468.884 14.4159 8.7472 and
303.982 468.884 35.5565 8.7472 cellulose
342.136 468.884 43.3403 8.7472 production

53.8582 480.846 19.1302 8.7472 [41].
75.5707 480.846 8.2988 8.7472 In
86.4558 480.846 12.2341 8.7472 the
101.252 480.846 26.2515 8.7472 1980s,
130.108 480.846 32.6474 8.7472 Johnson
165.314 480.846 7.7808 8.7472 &
175.689 480.846 32.6474 8.7472 Johnson
210.895 480.846 22.1508 8.7472 (New
235.612 480.846 45.7353 8.7472 Brunswick,
283.914 480.846 23.2168 8.7472 USA)
309.652 480.846 26.7197 8.7472 started
338.962 480.846 7.7808 8.7472 to
349.337 480.846 36.1712 8.7472 commer-

53.8572 492.808 26.2116 8.7472 cialize
84.5848 492.808 24.3586 8.7472 sheets
113.441 492.808 8.3636 8.7472 of
126.197 492.808 13.2702 8.7472 BC
143.942 492.808 9.9626 8.7472 on
158.398 492.808 20.0049 8.7472 large
182.889 492.808 19.9949 8.7472 scale
207.380 492.808 11.6164 8.7472 for
223.481 492.808 12.2341 8.7472 the
240.148 492.808 37.9296 8.7472 treatment
282.554 492.808 8.2988 8.7472 of
295.310 492.808 34.4208 8.7472 different
334.258 492.808 30.9837 8.7472 wounds
369.691 492.808 15.8136 8.7472 [42,

53.8572 504.770 15.7857 8.7472 43].
72.4524 504.770 59.7288 8.7472 Independently,
134.983 504.770 4.4533 8.7472 a
142.240 504.770 36.8168 8.7472 Brazilian
181.811 504.770 39.1789 8.7472 company,
223.821 504.770 28.3894 8.7472 BioFill
255.002 504.770 35.3772 8.7472 Produtos
293.212 504.770 65.0368 8.7472 Biotecnologicos
361.073 504.770 24.3685 8.7472 (Curi-

53.8572 516.732 17.5242 8.7472 tiba,
74.2098 516.732 12.1344 8.7472 PR
89.1766 516.732 30.3829 8.7472 Brazil),
122.341 516.732 28.9115 8.7472 created
154.145 516.732 4.4533 8.7472 a
161.402 516.732 16.5877 8.7472 new
180.791 516.732 27.1481 8.7472 wound
210.725 516.732 29.5431 8.7472 healing
243.096 516.732 27.6861 8.7472 system
273.597 516.732 22.7048 8.7472 based
299.165 516.732 9.9626 8.7472 on
311.978 516.732 13.2702 8.7472 BC
328.078 516.732 10.7686 8.7472 [1,
341.685 516.732 12.4682 8.7472 44,
356.935 516.732 15.7857 8.7472 45].
375.530 516.732 9.9526 8.7472 At

53.8562 528.638 31.4031 8.7472 present,
87.7579 528.638 47.3592 8.7472 commercial
137.646 528.638 34.4138 8.7472 products
174.553 528.638 18.2515 8.7472 such
195.302 528.638 8.2889 8.7472 as
206.130 528.638 40.4352 8.7472 Suprasorb
249.046 528.638 7.1531 8.7472 X
256.251 525.835 5.6038 6.6410 ®
264.302 528.642 12.2241 8.7472 are
279.098 528.642 42.7296 8.7472 distributed
324.395 528.642 9.9626 8.7472 by
336.867 528.642 38.3650 8.7472 Lohmann
377.685 528.642 7.7808 8.7472 &

53.8593 540.604 37.2193 8.7472 Rauscher
93.8841 540.604 41.8838 8.7472 (Neuwied,
138.557 540.604 43.0145 8.7472 Germany).

65.8214 552.566 8.2988 8.7472 In
77.6699 552.566 31.6970 8.7472 contrast
112.932 552.566 7.7808 8.7472 to
124.271 552.566 39.5067 8.7472 stationary
167.300 552.566 27.8674 8.7472 culture
198.708 552.566 44.1682 8.7472 conditions,
246.443 552.566 29.4604 8.7472 various
279.438 552.566 31.6113 8.7472 reactors
314.701 552.566 20.2241 8.7472 (e.g.,
338.511 552.566 12.2341 8.7472 the
354.329 552.566 31.1132 8.7472 rotating

53.8593 564.529 16.5977 8.7472 disk
73.9280 564.529 42.2713 8.7472 fermenter)
119.735 564.529 19.3773 8.7472 were
142.639 564.529 41.0658 8.7472 developed
187.255 564.529 7.7808 8.7472 to
198.537 564.529 32.1493 8.7472 produce
234.196 564.529 13.2702 8.7472 BC
250.977 564.529 22.7147 8.7472 under
277.225 564.529 31.7209 8.7472 agitated
312.488 564.529 27.8674 8.7472 culture
343.839 564.529 41.5939 8.7472 conditions

53.8593 576.491 15.0336 8.7472 that
74.6652 576.491 29.9675 8.7472 prevent
110.437 576.491 43.8663 8.7472 conversion
160.043 576.491 8.2988 8.7472 of
174.102 576.491 79.5235 8.7472 cellulose-producing
259.367 576.491 26.0223 8.7472 strains
291.172 576.491 15.5616 8.7472 into
312.488 576.491 72.9731 8.7472 cellulose-negative

53.8593 588.453 34.2185 8.7472 mutants.
91.3326 588.453 59.4120 8.7472 Morphological
154.034 588.453 44.4332 8.7472 differences
201.825 588.453 33.2751 8.7472 between
238.449 588.453 12.2341 8.7472 the
253.983 588.453 35.5565 8.7472 cellulose
292.874 588.453 37.2133 8.7472 produced
333.352 588.453 9.9626 8.7472 by
346.618 588.453 21.1406 8.7472 static
371.052 588.453 14.4159 8.7472 and

53.8582 36.9709 34.4571 7.4351 Cellulose:
90.7084 36.9709 31.1122 7.4351 Structure
124.213 36.9709 12.2535 7.4351 and
138.897 36.9709 34.3724 7.4351 Properties

377.064 36.9709 8.4682 7.4351 11

53.8582 203.962 31.7209 8.7472 agitated
87.8167 203.962 31.7030 8.7472 cultures
121.718 203.962 40.6444 8.7472 contribute
164.520 203.962 7.7808 8.7472 to
174.498 203.962 30.4955 8.7472 varying
207.209 203.962 30.4756 8.7472 degrees
239.920 203.962 8.2988 8.7472 of
250.408 203.962 50.3878 8.7472 crystallinity,
303.017 203.962 41.7702 8.7472 crystalline
346.953 203.962 21.8679 8.7472 sizes,
371.048 203.962 14.4159 8.7472 and

53.8582 215.924 35.5565 8.7472 cellulose
92.0120 215.924 3.3175 8.7472 I
95.3575 219.183 4.0422 6.6410 α
101.877 215.924 32.0268 8.7472 content.
136.402 215.924 15.5516 8.7472 The
154.487 215.924 47.9191 8.7472 crystallinity
204.887 215.924 22.1967 8.7472 index
229.605 215.924 6.6351 8.7472 is
238.733 215.924 28.3914 8.7472 closely
269.630 215.924 27.2577 8.7472 related
299.450 215.924 7.7808 8.7472 to
309.768 215.924 12.2341 8.7472 the
324.508 215.924 3.3175 8.7472 I
327.855 219.183 4.0422 6.6410 α
334.374 215.924 29.4494 8.7472 content
366.405 215.924 19.0744 8.7472 [46].

65.8209 227.886 32.7530 8.7472 Shaping
103.181 227.886 8.2988 8.7472 of
116.050 227.886 13.2702 8.7472 BC
133.965 227.886 7.7808 8.7472 in
146.323 227.886 4.4533 8.7472 a
155.394 227.886 21.1406 8.7472 static
181.189 227.886 27.8674 8.7472 culture
213.674 227.886 9.9626 8.7472 by
228.245 227.886 34.9588 8.7472 applying
267.873 227.886 4.4533 8.7472 a
276.887 227.886 34.6101 8.7472 template
316.119 227.886 26.1319 8.7472 matrix
346.902 227.886 13.8879 8.7472 can
365.441 227.886 20.0149 8.7472 yield

53.8588 239.792 34.4208 8.7472 different
93.0327 239.792 29.1167 8.7472 shapes,
126.821 239.792 37.8549 8.7472 including
169.341 239.792 21.0510 8.7472 tubes
195.079 239.792 8.2988 8.7472 of
208.061 239.792 34.4905 8.7472 different
247.292 239.792 27.4868 8.7472 length,
279.493 239.792 17.2054 8.7472 wall
301.433 239.792 39.6980 8.7472 thickness,
345.822 239.792 14.4159 8.7472 and
364.928 239.792 20.5329 8.7472 inner

53.8588 251.754 35.0385 8.7472 diameter
92.2397 251.754 20.2241 8.7472 (e.g.,
115.767 251.754 33.1675 8.7472 BASYC
148.932 248.947 5.6038 6.6410 ®
157.776 251.754 34.6350 8.7472 bacterial
195.646 251.754 46.6250 8.7472 synthesized
245.591 251.754 35.5565 8.7472 cellulose
284.482 251.754 26.9349 8.7472 tubes).
314.642 251.754 15.6214 8.7472 The
333.520 251.754 40.3485 8.7472 roughness
377.173 251.754 8.2988 8.7472 of

53.8584 263.716 12.2341 8.7472 the
69.6192 263.716 33.0758 8.7472 BASYC
102.784 260.909 5.6038 6.6410 ®
111.855 263.716 21.0510 8.7472 tubes
136.402 263.716 7.7808 8.7472 in
147.684 263.716 12.2341 8.7472 the
163.388 263.716 14.4059 8.7472 wet
181.303 263.716 18.3411 8.7472 state
203.186 263.716 40.0018 8.7472 resembles
246.670 263.716 22.7247 8.7472 blood
272.918 263.716 28.1942 8.7472 vessels
304.666 263.716 14.4159 8.7472 and
322.581 263.716 26.0223 8.7472 ranges
352.117 263.716 33.3837 8.7472 between

53.8588 275.679 4.9813 8.7472 7
60.8884 275.679 14.4159 8.7472 and
77.4423 275.679 9.9626 8.7472 14
89.4612 275.679 15.2527 8.7472 nm.
106.809 275.679 21.6687 8.7472 Their
130.562 275.679 46.6648 8.7472 tremendous
179.318 275.679 45.7094 8.7472 mechanical
227.109 275.679 32.2310 8.7472 strength
261.407 275.679 34.4168 8.7472 provides
297.917 275.679 12.2341 8.7472 the
312.204 275.679 32.3286 8.7472 stability
346.615 275.679 38.8681 8.7472 necessary

53.8588 287.641 11.6164 8.7472 for
67.6351 287.641 55.1261 8.7472 microsurgical
124.894 287.641 45.6865 8.7472 preparation
172.742 287.641 14.4159 8.7472 and
189.353 287.641 7.7808 8.7472 to
199.273 287.641 38.8721 8.7472 withstand
240.319 287.641 12.2341 8.7472 the
254.776 287.641 22.7247 8.7472 blood
279.664 287.641 33.2552 8.7472 pressure
315.097 287.641 8.2988 8.7472 of
325.584 287.641 12.2341 8.7472 the
339.984 287.641 23.3424 8.7472 living
365.552 287.641 19.9252 8.7472 body

53.8588 299.603 19.0883 8.7472 (Fig.
75.7985 299.603 8.3068 8.7472 9)
86.9107 299.603 10.7676 8.7472 [1,
100.516 299.603 15.7857 8.7472 47].

53.8582 342.976 5.9776 10.6879 4
71.7729 342.976 78.9551 10.6879 Nanostructures
154.149 342.976 9.9586 10.6879 of
167.472 342.976 46.5292 10.6879 Cellulose
217.419 342.976 19.1760 10.6879 and
239.926 342.976 28.6086 10.6879 Their
271.957 342.976 53.2361 10.6879 Properties

53.8582 372.283 30.0432 8.7472 Natural
89.0072 372.283 35.6631 8.7472 cellulose
129.768 372.283 13.8879 8.7472 can
148.816 372.283 9.4346 8.7472 be
163.387 372.283 48.3047 8.7472 transformed
216.848 372.283 15.5616 8.7472 into
237.597 372.283 26.6500 8.7472 micro-
269.402 372.283 14.4159 8.7472 and
288.960 372.283 39.4848 8.7472 nanoscale
333.577 372.283 36.7919 8.7472 materials
375.529 372.283 9.9626 8.7472 by

53.8582 384.245 34.9588 8.7472 applying
92.2391 384.245 30.5882 8.7472 speciﬁc
126.197 384.245 38.2594 8.7472 top-down
167.809 384.245 47.4578 8.7472 approaches,
218.662 384.245 32.8666 8.7472 yielding
254.889 384.245 29.3498 8.7472 deﬁned
287.657 384.245 34.4138 8.7472 products
325.470 384.245 18.2515 8.7472 such
347.127 384.245 8.2889 8.7472 as
358.805 384.245 26.6500 8.7472 micro-

53.8582 396.208 41.7702 8.7472 crystalline
98.4179 396.208 38.1328 8.7472 cellulose,
139.406 396.208 53.3816 8.7472 microﬁbrillar
195.644 396.208 38.1498 8.7472 cellulose,
236.576 396.208 14.4159 8.7472 and
253.810 396.208 35.4429 8.7472 whiskers
292.077 396.208 16.0597 8.7472 (see
310.956 396.208 15.7708 8.7472 Fig.
329.554 396.208 13.2951 8.7472 10)
345.654 396.208 19.1302 8.7472 [48].

65.8193 408.170 15.5516 8.7472 The
86.7956 408.170 26.6500 8.7472 micro-
118.826 408.170 14.4159 8.7472 and
138.668 408.170 39.4848 8.7472 nanoscale
183.511 408.170 36.7919 8.7472 materials
225.691 408.170 27.8853 8.7472 mainly
258.913 408.170 22.2564 8.7472 differ
286.521 408.170 7.7808 8.7472 in
299.674 408.170 12.6525 8.7472 DP
317.759 408.170 14.4159 8.7472 and
337.545 408.170 47.8803 8.7472 crystallinity

53.8572 420.132 39.4987 8.7472 according
96.6027 420.132 7.7808 8.7472 to
107.601 420.132 12.2341 8.7472 the
123.078 420.132 55.0503 8.7472 disintegration
181.357 420.132 38.9697 8.7472 technique
223.593 420.132 18.2515 8.7472 used
245.079 420.132 16.9065 8.7472 and,
265.261 420.132 55.2845 8.7472 consequently,
323.766 420.132 22.1867 8.7472 differ
349.221 420.132 7.7808 8.7472 in
360.220 420.132 25.2811 8.7472 shape.

53.8572 432.037 26.0323 8.7472 Figure
82.6571 432.037 9.9626 8.7472 11
95.3564 432.037 24.7869 8.7472 shows
122.909 432.037 37.8469 8.7472 examples
163.500 432.037 8.2988 8.7472 of
174.499 432.037 26.7316 8.7472 micro-
203.922 432.037 14.4159 8.7472 and
221.100 432.037 44.4661 8.7472 nanoscaled
268.324 432.037 35.5565 8.7472 cellulose
306.705 432.037 32.1393 8.7472 samples
341.626 432.037 7.7808 8.7472 in
352.114 432.037 33.3608 8.7472 compar-

53.8572 443.999 16.5977 8.7472 ison
73.3022 443.999 17.7334 8.7472 with
93.8252 443.999 24.5329 8.7472 native
121.208 443.999 34.5104 8.7472 bacterial
158.568 443.999 38.1328 8.7472 cellulose.

53.8582 487.229 14.9439 10.5683 4.1
80.7871 487.229 81.1154 10.5683 Microcrystalline
165.374 487.229 45.9076 10.5683 Cellulose

53.8582 516.737 66.1337 8.7472 Microcrystalline
123.590 516.737 35.5565 8.7472 cellulose
162.707 516.737 22.0871 8.7472 (MC)
188.332 516.737 6.6351 8.7472 is
198.480 516.737 4.4533 8.7472 a
206.417 516.737 17.4246 8.7472 ﬁne,
227.393 516.737 24.6774 8.7472 white,
255.626 516.737 14.4159 8.7472 and
273.541 516.737 33.1854 8.7472 odorless
310.277 516.737 41.7533 8.7472 crystalline
355.574 516.737 29.8679 8.7472 powder

53.8582 528.642 50.6787 8.7472 (commercial
111.570 528.642 34.4138 8.7472 products
152.955 528.642 29.4494 8.7472 include
189.465 528.642 26.6400 8.7472 Avicel
216.226 525.835 5.6038 6.6410 ®
221.782 528.642 2.4906 8.7472 ,
231.306 528.642 35.4469 8.7472 Heweten
266.853 525.835 5.6038 6.6410 ®
272.466 528.642 2.4906 8.7472 ,
281.933 528.642 36.1652 8.7472 Microcel
318.103 525.835 5.6038 6.6410 ®
323.716 528.642 2.4906 8.7472 ,
333.183 528.642 22.7147 8.7472 Nilyn
355.974 525.835 5.6038 6.6410 ®
361.587 528.642 2.4906 8.7472 ,
371.054 528.642 14.4159 8.7472 and

53.8595 540.604 33.8977 8.7472 Novagel
87.7606 537.797 5.6038 6.6410 ®
93.3732 540.605 3.3175 8.7472 )
100.969 540.605 18.2515 8.7472 used
123.533 540.605 7.7808 8.7472 in
135.608 540.605 61.2650 8.7472 pharmaceutical
201.201 540.605 25.7035 8.7472 (tablet
231.191 540.605 31.4031 8.7472 binder),
266.851 540.605 18.2614 8.7472 food
289.414 540.605 38.8761 8.7472 (rheology
332.557 540.605 34.1976 8.7472 control),
371.050 540.605 14.4159 8.7472 and

53.8585 552.567 22.1867 8.7472 paper
78.2360 552.567 48.3186 8.7472 applications
128.748 552.567 8.2889 8.7472 as
139.180 552.567 17.2054 8.7472 well
158.569 552.567 8.2889 8.7472 as
169.001 552.567 7.7808 8.7472 in
178.866 552.567 41.1416 8.7472 composite
222.178 552.567 58.3858 8.7472 manufacturing
282.725 552.567 19.0754 8.7472 [49].
303.929 552.567 15.4520 8.7472 MC
321.561 552.567 6.6351 8.7472 is
330.291 552.567 55.1290 8.7472 commercially

53.8585 564.529 37.2133 8.7472 produced
93.4858 564.529 9.9626 8.7472 by
105.901 564.529 37.9485 8.7472 treatment
146.208 564.529 8.3636 8.7472 of
156.980 564.529 32.7481 8.7472 biomass
192.129 564.529 17.7334 8.7472 with
212.311 564.529 32.7481 8.7472 aqueous
247.460 564.529 29.4295 8.7472 sodium
279.322 564.529 40.4581 8.7472 hydroxide
322.238 564.529 7.7808 8.7472 to
332.442 564.529 30.0631 8.7472 remove
364.927 564.529 20.5329 8.7472 other

53.8585 576.491 47.7936 8.7472 constituents
106.241 576.491 19.0744 8.7472 [50],
129.883 576.491 35.5695 8.7472 followed
170.021 576.491 9.9626 8.7472 by
184.535 576.491 23.9401 8.7472 acidic
213.050 576.491 44.0646 8.7472 hydrolysis.
261.693 576.491 28.2141 8.7472 During
294.518 576.491 44.0835 8.7472 hydrolysis,
343.160 576.491 12.2341 8.7472 the
359.941 576.491 12.6525 8.7472 DP
377.175 576.491 8.2988 8.7472 of

53.8575 588.453 35.5565 8.7472 cellulose
94.3356 588.453 38.3221 8.7472 decreases
137.535 588.453 17.7334 8.7472 with
160.155 588.453 41.4942 8.7472 hydrolysis
206.529 588.453 17.8331 8.7472 time
229.263 588.453 18.3611 8.7472 until
252.450 588.453 34.5244 8.7472 reaching
291.794 588.453 4.4533 8.7472 a
301.091 588.453 29.0191 8.7472 plateau
334.937 588.453 21.6687 8.7472 value
361.469 588.453 24.0298 8.7472 called

53.8582 160.380 13.9302 7.5706 Fig.
70.5262 160.380 4.2341 7.5706 9
80.7871 160.447 23.1690 7.4351 Sciatic
106.695 160.447 18.8587 7.4351 nerve
128.352 160.447 7.0540 7.4351 of
138.160 160.447 3.7853 7.4351 a
144.736 160.447 8.9848 7.4351 rat
156.471 160.447 15.0734 7.4351 with
174.330 160.447 3.7853 7.4351 a
180.849 160.447 28.1144 7.4351 BASYC
208.970 158.078 4.7632 5.6449 ®
216.510 160.447 14.6330 7.4351 tube
233.914 160.447 7.0455 7.4351 as
243.722 160.447 34.0168 7.4351 protective
280.516 160.447 18.8587 7.4351 cover
302.172 160.447 9.8502 7.4351 (a)
314.815 160.447 42.5696 7.4351 immediately
360.170 160.447 12.2535 7.4351 and
375.194 160.447 10.3033 7.4351 (b)

53.8589 170.426 8.4682 7.4351 10
64.3468 170.426 21.1451 7.4351 weeks
87.5344 170.426 15.5900 7.4351 after
105.166 170.426 10.3989 7.4351 the
117.638 170.426 32.0860 7.4351 operation
151.768 170.426 40.9861 7.4351 (reproduced
194.798 170.426 16.4876 7.4351 from
213.337 170.426 25.4723 7.4351 Klemm
240.833 170.426 6.1648 7.4351 et
249.053 170.426 8.2819 7.4351 al.
259.372 170.426 16.2166 7.4351 [47],
277.625 170.426 32.5348 7.4351 copyright
312.207 170.426 16.9364 7.4351 2006
331.200 170.426 15.0734 7.4351 with
348.264 170.426 37.2008 7.4351 permission

53.8581 180.347 16.4876 7.4351 from
72.7371 180.347 32.0013 7.4351 Springer)

53.8581 36.8580 8.4682 7.4351 12

351.722 36.8580 7.3165 7.4351 T.
361.416 36.8580 24.0497 7.4351 Heinze

53.8582 424.327 23.9401 8.7472 “level
82.6013 424.327 11.6164 8.7472 off
98.9290 424.327 17.1058 8.7472 DP”
120.755 424.327 35.1281 8.7472 (LODP),
160.609 424.327 24.3685 8.7472 which
189.749 424.327 26.1160 8.7472 ranges
220.590 424.327 33.2751 8.7472 between
258.630 424.327 9.9626 8.7472 25
273.313 424.327 14.4159 8.7472 and
292.475 424.327 14.9439 8.7472 300
312.147 424.327 41.6746 8.7472 depending
358.578 424.327 9.9626 8.7472 on
373.261 424.327 12.2341 8.7472 the

53.8582 436.290 35.5565 8.7472 cellulose
93.4296 436.290 26.1100 8.7472 source
123.420 436.290 19.1302 8.7472 [51].
146.493 436.290 15.5516 8.7472 The
165.995 436.290 41.5929 8.7472 hydrolysis
211.462 436.290 20.6166 8.7472 takes
236.010 436.290 21.1406 8.7472 place
261.125 436.290 7.7808 8.7472 in
272.804 436.290 12.2341 8.7472 the
289.018 436.290 14.9240 8.7472 less
307.896 436.290 41.7712 8.7472 crystalline
353.591 436.290 31.8405 8.7472 regions,

53.8572 448.252 29.4494 8.7472 leaving
87.0785 448.252 4.4533 8.7472 a
95.2986 448.252 19.3972 8.7472 solid
118.428 448.252 28.8218 8.7472 residue
151.026 448.252 15.0336 8.7472 that
169.847 448.252 6.6351 8.7472 is
180.166 448.252 62.2862 8.7472 water-insoluble
246.156 448.252 14.4159 8.7472 and
264.355 448.252 44.2608 8.7472 crystalline.
312.315 448.252 10.9887 8.7472 As
327.055 448.252 4.4533 8.7472 a
335.275 448.252 22.1867 8.7472 result
361.184 448.252 8.2988 8.7472 of
373.260 448.252 12.2341 8.7472 the

53.8572 460.214 28.3954 8.7472 motion
85.8322 460.214 33.2850 8.7472 freedom
122.795 460.214 8.2988 8.7472 of
134.700 460.214 12.2341 8.7472 the
150.574 460.214 45.0120 8.7472 hydrolyzed
199.216 460.214 45.9146 8.7472 crystallites,
248.764 460.214 38.8711 8.7472 structures
291.227 460.214 12.2241 8.7472 are
307.100 460.214 37.2133 8.7472 produced
347.918 460.214 15.0336 8.7472 that
366.570 460.214 18.8692 8.7472 have

53.8572 472.119 23.3224 8.7472 larger
81.8063 472.119 45.5151 8.7472 dimensions
131.978 472.119 17.2154 8.7472 than
153.805 472.119 12.2341 8.7472 the
170.642 472.119 31.2019 8.7472 original
206.415 472.119 46.6469 8.7472 microﬁbrils
257.665 472.119 16.6425 8.7472 [35]
278.927 472.119 32.1593 8.7472 forming
315.720 472.119 4.4533 8.7472 a
324.791 472.119 23.3224 8.7472 stable
352.740 472.119 32.7491 8.7472 aqueous

53.8572 484.081 41.0519 8.7472 dispersion
98.1908 484.081 19.9252 8.7472 upon
121.377 484.081 34.8591 8.7472 vigorous
159.531 484.081 31.4101 8.7472 stirring.
194.170 484.081 39.0853 8.7472 However,
236.520 484.081 35.1381 8.7472 colloidal
274.901 484.081 58.5552 8.7472 destabilization
336.695 484.081 8.2988 8.7472 of
348.261 484.081 12.2341 8.7472 the
363.794 484.081 21.6687 8.7472 small

53.8572 496.043 41.7702 8.7472 crystalline
98.2466 496.043 33.8131 8.7472 domains
134.699 496.043 13.8879 8.7472 can
151.196 496.043 22.1867 8.7472 occur
176.027 496.043 19.9252 8.7472 upon
198.534 496.043 32.7670 8.7472 removal
233.967 496.043 8.2988 8.7472 of
244.852 496.043 16.7730 8.7472 acid
264.183 496.043 9.9626 8.7472 by
276.712 496.043 30.5941 8.7472 dialysis
309.877 496.043 35.4669 8.7472 followed
347.974 496.043 9.9626 8.7472 by
360.559 496.043 24.8866 8.7472 spray-

53.8572 508.005 26.0422 8.7472 drying
84.1306 508.005 19.0744 8.7472 [52].
107.374 508.005 8.2988 8.7472 In
119.846 508.005 18.2515 8.7472 such
142.353 508.005 13.2801 8.7472 dry
159.814 508.005 21.8878 8.7472 form,
185.892 508.005 15.4520 8.7472 MC
205.564 508.005 48.7669 8.7472 morphology
258.571 508.005 23.8405 8.7472 varies
286.634 508.005 19.3972 8.7472 from
310.218 508.005 26.6300 8.7472 stubby
341.002 508.005 7.7808 8.7472 to
352.964 508.005 32.4581 8.7472 ﬁbrillar.

53.8572 519.967 49.7741 8.7472 Importantly,
106.466 519.967 26.7336 8.7472 sulfate
136.003 519.967 37.8200 8.7472 half-ester
176.652 519.967 33.9884 8.7472 moieties
213.501 519.967 12.2241 8.7472 are
228.582 519.967 42.8003 8.7472 introduced
274.219 519.967 9.9626 8.7472 on
287.031 519.967 12.2341 8.7472 the
302.112 519.967 53.8897 8.7472 microcrystals
358.861 519.967 26.6400 8.7472 (sulfur

53.8572 531.929 29.4494 8.7472 content
86.6820 531.929 34.1010 8.7472 0.5–2%)
124.098 531.929 21.6487 8.7472 when
149.042 531.929 30.4856 8.7472 sulfuric
182.887 531.929 16.7730 8.7472 acid
202.956 531.929 6.6351 8.7472 is
212.934 531.929 18.2515 8.7472 used
234.533 531.929 11.6164 8.7472 for
249.500 531.929 41.4942 8.7472 hydrolysis
294.401 531.929 15.7588 8.7472 [53,
313.508 531.929 15.7857 8.7472 54].
332.613 531.929 15.5516 8.7472 The
351.491 531.929 34.0033 8.7472 negative

53.8552 543.892 26.6400 8.7472 charge
84.6954 543.892 41.1665 8.7472 developed
130.048 543.892 7.7808 8.7472 in
141.953 543.892 32.7491 8.7472 aqueous
178.860 543.892 24.4681 8.7472 media
207.547 543.892 9.9626 8.7472 by
221.663 543.892 20.5230 8.7472 these
246.381 543.892 27.0783 8.7472 groups
277.676 543.892 6.6351 8.7472 is
288.447 543.892 12.2341 8.7472 the
304.832 543.892 20.0149 8.7472 main
329.039 543.892 44.4691 8.7472 contributor
377.680 543.892 7.7808 8.7472 to

53.8552 555.854 35.1451 8.7472 colloidal
92.6894 555.854 32.3286 8.7472 stability
128.745 555.854 8.2988 8.7472 of
140.764 555.854 12.2341 8.7472 the
156.750 555.854 43.5425 8.7472 dispersion,
204.032 555.854 14.4159 8.7472 and
222.174 555.854 9.4346 8.7472 its
235.327 555.854 35.5545 8.7472 viscosity
274.614 555.854 13.2702 8.7472 has
291.622 555.854 18.8692 8.7472 been
314.242 555.854 23.2427 8.7472 found
341.228 555.854 7.7808 8.7472 to
352.737 555.854 32.7600 8.7472 strongly

53.8552 567.759 28.8318 8.7472 depend
84.9794 567.759 9.9626 8.7472 on
97.1686 567.759 12.2341 8.7472 the
111.682 567.759 26.6400 8.7472 charge
140.651 567.759 28.8318 8.7472 density
171.775 567.759 19.0744 8.7472 [55].
193.092 567.759 16.5877 8.7472 HCl
211.970 567.759 6.6351 8.7472 is
220.871 567.759 12.2341 8.7472 the
235.328 567.759 41.1685 8.7472 hydrolytic
278.753 567.759 32.7770 8.7472 medium
313.789 567.759 8.2988 8.7472 of
324.333 567.759 26.1977 8.7472 choice
352.793 567.759 6.1170 8.7472 if
361.126 567.759 15.4520 8.7472 MC
378.871 567.759 6.6351 8.7472 is

53.8552 579.721 7.7808 8.7472 to
65.4776 579.721 9.4346 8.7472 be
78.8006 579.721 37.1306 8.7472 produced
119.845 579.721 11.6164 8.7472 for
135.322 579.721 48.4232 8.7472 applications
187.592 579.721 15.0336 8.7472 that
206.527 579.721 28.3037 8.7472 require
238.728 579.721 12.2341 8.7472 the
254.828 579.721 31.6970 8.7472 absence
290.375 579.721 8.2988 8.7472 of
302.564 579.721 48.5248 8.7472 electrostatic
354.947 579.721 30.4756 8.7472 charges

53.8582 378.761 13.9302 7.5706 Fig.
70.8098 378.761 8.4682 7.5706 10
85.2659 378.829 39.6481 7.4351 Mechanical
127.955 378.829 32.1622 7.4351 treatment
163.162 378.829 12.2535 7.4351 and
178.469 378.829 35.2701 7.4351 hydrolysis
216.737 378.829 7.0455 7.4351 as
226.828 378.829 32.4501 7.4351 top-down
262.319 378.829 38.1577 7.4351 approaches
303.534 378.829 9.8739 7.4351 for
316.403 378.829 32.5264 7.4351 preparing
352.006 378.829 33.4833 7.4351 nanoscale

53.8582 388.807 32.6026 7.4351 cellulosic
89.8015 388.807 31.1884 7.4351 materials
124.327 388.807 33.4917 7.4351 (reprinted
161.120 388.807 16.4876 7.4351 from
180.963 388.807 8.4597 7.4351 Pa
186.122 388.636 7.0735 7.4351 ¨a
189.921 388.636 15.9693 7.4351 ¨kk€
201.656 388.807 8.4860 7.4351 o€
205.908 388.807 4.2341 7.4351 o
213.448 388.807 6.1648 7.4351 et
222.915 388.807 8.2819 7.4351 al.
234.480 388.807 16.2191 7.4351 [48],
254.039 388.807 32.5348 7.4351 copyright
289.869 388.807 16.9364 7.4351 2007
310.108 388.807 15.0734 7.4351 with
328.476 388.807 37.2008 7.4351 permission
369.012 388.807 16.4876 7.4351 from

53.8582 398.728 33.4833 7.4351 American
89.7447 398.728 32.6026 7.4351 Chemical
124.781 398.728 28.2923 7.4351 Society)

53.8582 36.9720 34.4571 7.4351 Cellulose:
90.7084 36.9720 31.1122 7.4351 Structure
124.213 36.9720 12.2535 7.4351 and
138.897 36.9720 34.3724 7.4351 Properties

377.064 36.9720 8.4682 7.4351 13

53.8582 465.146 20.2241 8.7472 (e.g.,
80.5600 465.146 7.7808 8.7472 in
94.7328 465.146 21.0510 8.7472 order
122.228 465.146 7.7808 8.7472 to
136.458 465.146 32.7570 8.7472 enhance
175.688 465.146 31.1032 8.7472 enzyme
213.275 465.146 49.2451 8.7472 interactions,
268.947 465.146 33.0888 8.7472 binding,
308.461 465.146 14.4159 8.7472 and
329.267 465.146 29.8380 8.7472 attack).
365.550 465.146 19.9152 8.7472 Such

53.8582 477.108 64.9173 8.7472 HCl-hydrolyzed
122.909 477.108 15.4520 8.7472 MC
142.524 477.108 6.6351 8.7472 is
153.239 477.108 41.6845 8.7472 uncharged
199.046 477.108 14.4159 8.7472 and
217.584 477.108 13.8879 8.7472 can
235.556 477.108 9.4346 8.7472 be
249.105 477.108 8.2988 8.7472 of
261.520 477.108 27.8614 8.7472 similar
293.494 477.108 22.7048 8.7472 shape
320.309 477.108 14.4159 8.7472 and
338.848 477.108 15.6214 8.7472 size
358.520 477.108 7.7808 8.7472 to
370.425 477.108 15.0336 8.7472 that

53.8582 489.070 19.3972 8.7472 from
76.4783 489.070 30.4856 8.7472 sulfuric
110.209 489.070 16.6874 8.7472 acid
130.108 489.070 41.5929 8.7472 hydrolysis
174.895 489.070 19.0883 8.7472 (Fig.
197.177 489.070 15.7857 8.7472 12).
216.168 489.070 53.3926 8.7472 Concentrated
272.747 489.070 44.8715 8.7472 dispersions
320.822 489.070 8.2988 8.7472 of
332.330 489.070 15.4520 8.7472 MC
350.982 489.070 34.5065 8.7472 obtained

53.8582 501.033 17.7334 8.7472 with
73.7007 501.033 16.5877 8.7472 HCl
92.4663 501.033 20.9513 8.7472 show
115.539 501.033 41.6755 8.7472 thixotropy
159.306 501.033 57.8468 8.7472 (concentration
219.344 500.156 24.2510 9.9626 >5%)
245.762 501.033 32.7481 8.7472 whereas
280.571 501.033 59.0623 8.7472 antithixotropic
341.742 501.033 34.9488 8.7472 behavior
378.876 501.033 6.6351 8.7472 is

53.8582 512.995 38.3480 8.7472 displayed
95.0177 512.995 7.2528 8.7472 at
105.108 512.995 22.7048 8.7472 lower
130.620 512.995 58.3629 8.7472 concentrations
191.848 512.995 37.6148 8.7472 (<0.3%).

65.8203 524.957 15.4520 8.7472 MC
86.9669 524.957 34.9339 8.7472 cellulose
127.615 524.957 42.3859 8.7472 crystallites
175.803 524.957 17.4535 8.7472 (and
199.047 524.957 15.9033 8.7472 also
220.647 524.957 34.8402 8.7472 cellulose
261.295 524.957 48.9851 8.7472 nanocrystals
316.004 524.957 8.2988 8.7472 or
329.950 524.957 37.1854 8.7472 whiskers,
372.922 524.957 12.5598 8.7472 see

53.8582 536.862 19.3344 8.7472 Sect.
76.0250 536.862 15.5068 8.7472 4.2)
94.3940 536.862 53.2640 8.7472 self-assemble
150.518 536.862 7.7808 8.7472 in
161.062 536.862 21.8868 8.7472 water
185.723 536.862 15.3773 8.7472 into
203.864 536.862 22.4467 8.7472 chiral
229.035 536.862 31.2905 8.7472 nematic
263.107 536.862 26.2036 8.7472 phases
292.076 536.862 8.2988 8.7472 of
303.131 536.862 4.4533 8.7472 a
310.388 536.862 21.8749 8.7472 given
335.105 536.862 22.1548 8.7472 pitch,
359.993 536.862 7.8764 8.7472 P,
370.707 536.862 14.8493 8.7472 that

53.8582 548.824 24.5688 8.7472 reﬂect
80.3896 548.824 37.6566 8.7472 circularly
119.903 548.824 36.5906 8.7472 polarized
158.397 548.824 17.9935 8.7472 light
178.353 548.824 8.2988 8.7472 of
188.558 548.824 12.0996 8.7472 the
202.562 548.824 20.3406 8.7472 same
224.784 548.824 47.5605 8.7472 handedness.
274.333 548.824 15.4440 8.7472 The
291.681 548.824 21.2911 8.7472 value
314.981 548.824 8.2988 8.7472 of
325.129 548.824 5.4994 8.7472 P
332.613 548.824 6.6351 8.7472 is
341.117 548.824 7.7808 8.7472 in
350.755 548.824 12.0498 8.7472 the
364.814 548.824 20.6654 8.7472 order

53.8582 560.786 8.2988 8.7472 of
67.0676 560.786 12.0498 8.7472 the
84.1316 560.786 45.2890 8.7472 wavelength
134.416 560.786 8.2988 8.7472 of
147.626 560.786 26.1090 8.7472 visible
178.749 560.786 20.4841 8.7472 light,
204.148 560.786 25.1556 8.7472 giving
234.251 560.786 14.2415 8.7472 rise
253.413 560.786 7.7808 8.7472 to
266.112 560.786 41.3697 8.7472 interesting
312.429 560.786 45.6745 8.7472 interactions
363.112 560.786 22.3670 8.7472 under

53.8582 572.748 50.4446 8.7472 illumination.
108.226 572.748 51.5037 8.7472 Furthermore,
163.614 572.748 23.5018 8.7472 above
191.109 572.748 4.4533 8.7472 a
199.614 572.748 27.2338 8.7472 critical
230.851 572.748 53.4464 8.7472 concentration
288.225 572.748 12.0498 8.7472 the
304.269 572.748 34.8402 8.7472 cellulose
343.160 572.748 42.4178 8.7472 crystallites

53.8582 584.710 26.2724 8.7472 evolve
82.4877 584.710 56.0058 8.7472 spontaneously
140.882 584.710 15.3773 8.7472 into
158.626 584.710 22.4467 8.7472 chiral
183.401 584.710 31.2128 8.7472 nematic
217.021 584.710 22.9748 8.7472 liquid
242.363 584.710 29.9356 8.7472 crystals
274.621 584.710 7.7808 8.7472 in
284.712 584.710 24.3466 8.7472 water,
311.414 584.710 24.0607 8.7472 which
337.832 584.710 19.7708 8.7472 upon
359.885 584.710 25.7224 8.7472 drying

53.8582 413.627 13.9302 7.5706 Fig.
70.0155 413.627 8.4682 7.5706 11
84.4157 413.695 31.5610 7.4351 Scanning
118.204 413.695 27.4031 7.4351 electron
147.855 413.695 42.4003 7.4351 micrographs
192.472 413.695 7.0540 7.4351 of
201.713 413.695 9.9053 7.4351 (a)
213.787 413.695 18.7740 7.4351 ﬁbers
234.821 413.695 7.0540 7.4351 of
244.062 413.695 21.2467 7.4351 cotton
267.477 413.695 23.4340 7.4351 linters,
293.102 413.695 10.3024 7.4351 (b)
305.573 413.695 45.3049 7.4351 microﬁbrillar
353.139 413.695 32.3401 7.4351 cellulose,

53.8582 423.616 9.4531 7.4351 (c)
66.0473 423.616 55.2550 7.4351 microcrystalline
124.044 423.616 32.3401 7.4351 cellulose,
159.137 423.616 10.3600 7.4351 (d)
172.176 423.616 26.9627 7.4351 tunicate
201.940 423.616 30.0536 7.4351 whiskers
234.709 423.616 40.9861 7.4351 (reproduced
278.476 423.616 16.4876 7.4351 from
297.694 423.616 31.1206 7.4351 Eichhorn
331.540 423.616 6.1648 7.4351 et
340.441 423.616 8.2819 7.4351 al.
351.496 423.616 11.9656 7.4351 [9],
366.179 423.616 19.3075 7.4351 copy-

53.8582 433.594 16.0472 7.4351 right
72.2833 433.594 16.9364 7.4351 2001
91.6154 433.594 15.0734 7.4351 with
109.076 433.594 37.2008 7.4351 permission
148.648 433.594 16.4876 7.4351 from
167.527 433.594 32.0013 7.4351 Springer)
201.940 433.594 12.2535 7.4351 and
216.567 433.594 9.4522 7.4351 (e)
228.359 433.594 29.3338 7.4351 bacterial
260.107 433.594 30.2230 7.4351 cellulose

53.8591 36.8586 8.4682 7.4351 14

351.722 36.8586 7.3165 7.4351 T.
361.417 36.8586 24.0497 7.4351 Heinze

53.8582 223.805 19.2049 8.7472 form
77.3281 223.805 35.4469 8.7472 regularly
117.013 223.805 28.3386 8.7472 twisted
149.668 223.805 19.0704 8.7472 ﬁbril
173.025 223.805 23.3942 8.7472 layers
200.804 223.805 14.7616 8.7472 that
219.909 223.805 35.5416 8.7472 resemble
259.707 223.805 12.0498 8.7472 the
276.090 223.805 37.0150 8.7472 structural
317.362 223.805 49.0788 8.7472 organization
370.707 223.805 14.8493 8.7472 that

53.8582 235.710 29.9705 8.7472 evolves
86.5126 235.710 7.7808 8.7472 in
96.8877 235.710 24.6644 8.7472 nature
124.156 235.710 15.5307 8.7472 [56,
142.355 235.710 15.6164 8.7472 57].

65.8203 247.672 13.7982 8.7472 For
82.8842 247.672 12.2341 8.7472 the
98.4747 247.672 36.5030 8.7472 synthesis
138.329 247.672 8.2988 8.7472 of
149.894 247.672 16.5877 8.7472 new
169.794 247.672 35.6631 8.7472 cellulose
208.740 247.672 43.9620 8.7472 derivatives
255.965 247.672 7.2528 8.7472 at
266.509 247.672 12.2341 8.7472 the
282.100 247.672 41.0658 8.7472 laboratory
326.489 247.672 22.5912 8.7472 scale,
352.341 247.672 15.4520 8.7472 MC
371.107 247.672 6.6351 8.7472 is
381.028 247.672 4.4533 8.7472 a

53.8582 259.634 43.9470 8.7472 convenient
100.800 259.634 30.0472 8.7472 starting
133.850 259.634 32.9593 8.7472 material
169.793 259.634 8.2988 8.7472 of
181.074 259.634 17.7334 8.7472 very
201.823 259.634 17.7434 8.7472 high
222.572 259.634 23.8604 8.7472 purity
249.445 259.634 14.4159 8.7472 and
266.906 259.634 44.9921 8.7472 sufﬁciently
314.867 259.634 14.9339 8.7472 low
332.838 259.634 38.0502 8.7472 viscosity,
373.883 259.634 11.6164 8.7472 for

53.8582 271.596 36.4801 8.7472 example,
92.9754 271.596 7.7808 8.7472 to
103.407 271.596 29.4395 8.7472 acquire
135.551 271.596 54.4117 8.7472 well-resolved
192.697 271.596 23.3424 8.7472 liquid
218.718 271.596 18.3411 8.7472 state
239.751 271.596 22.6051 8.7472 NMR
265.036 271.596 28.2938 8.7472 spectra
296.047 271.596 11.6164 8.7472 for
310.276 271.596 37.8200 8.7472 structural
350.754 271.596 34.7236 8.7472 analysis.

53.8582 319.872 14.9439 10.5683 4.2
80.7871 319.872 45.9076 10.5683 Cellulose
130.110 319.872 45.6685 10.5683 Whiskers

53.8582 349.323 28.8218 8.7472 Intense
85.0391 349.323 41.5869 8.7472 hydrolysis
128.918 349.323 8.2988 8.7472 of
139.519 349.323 35.5565 8.7472 cellulose
177.446 349.323 26.1020 8.7472 results
205.848 349.323 7.7808 8.7472 in
215.939 349.323 43.4240 8.7472 crystallites
261.690 349.323 15.0336 8.7472 that
279.037 349.323 36.6823 8.7472 assemble
318.042 349.323 15.5616 8.7472 into
335.900 349.323 18.8791 8.7472 rigid
357.102 349.323 28.3914 8.7472 rodlike

53.8582 361.285 35.5565 8.7472 cellulose
94.5066 361.285 36.4830 8.7472 particles,
136.005 361.285 29.5252 8.7472 namely
170.531 361.285 35.5565 8.7472 cellulose
211.179 361.285 37.9336 8.7472 whiskers,
254.152 361.285 18.3411 8.7472 after
277.566 361.285 37.9406 8.7472 treatment
320.482 361.285 17.7334 8.7472 with
343.272 361.285 42.2205 8.7472 ultrasound

53.8582 373.190 19.1302 8.7472 [50].
76.5341 373.190 21.7384 8.7472 Their
101.874 373.190 45.6217 8.7472 preparation
151.083 373.190 6.6351 8.7472 is
161.287 373.190 16.0697 8.7472 also
180.960 373.190 32.7431 8.7472 possible
217.300 373.190 21.5790 8.7472 using
242.472 373.190 48.3156 8.7472 high-energy
294.402 373.190 45.7214 8.7472 mechanical
343.724 373.190 41.7762 8.7472 treatments

53.8572 385.152 15.0336 8.7472 that
72.5092 385.152 25.5939 8.7472 cleave
101.819 385.152 12.2341 8.7472 the
117.636 385.152 44.3694 8.7472 amorphous
165.654 385.152 19.3872 8.7472 parts
188.671 385.152 9.9626 8.7472 by
202.220 385.152 45.7024 8.7472 mechanical
251.598 385.152 55.0503 8.7472 disintegration
310.274 385.152 8.2988 8.7472 of
322.179 385.152 4.4533 8.7472 a
330.230 385.152 35.6711 8.7472 cellulose
369.518 385.152 15.9700 8.7472 sus-

53.8572 397.114 33.5042 8.7472 pension.
90.3671 397.114 12.1344 8.7472 An
105.504 397.114 56.3016 8.7472 enzymatically
164.804 397.114 37.2133 8.7472 produced
204.998 397.114 37.7294 8.7472 precursor
245.704 397.114 23.8505 8.7472 yields
272.519 397.114 35.4429 8.7472 whiskers
310.957 397.114 7.7808 8.7472 in
321.671 397.114 4.4533 8.7472 a
329.098 397.114 20.6106 8.7472 more
352.626 397.114 32.8696 8.7472 efﬁcient

53.8572 409.076 34.4009 8.7472 two-step
92.1245 409.076 29.8579 8.7472 process
125.912 409.076 19.1312 8.7472 [48].
148.873 409.076 42.9079 8.7472 Enzymatic
195.643 409.076 41.5869 8.7472 hydrolysis
241.111 409.076 6.6351 8.7472 is
251.598 409.076 26.1319 8.7472 milder
281.646 409.076 17.2154 8.7472 than
302.735 409.076 12.2341 8.7472 the
318.836 409.076 20.6106 8.7472 more
343.270 409.076 42.1856 8.7472 aggressive

53.8562 421.038 16.6874 8.7472 acid
73.5284 421.038 41.5929 8.7472 hydrolysis
118.032 421.038 14.4159 8.7472 and
135.380 421.038 23.8505 8.7472 yields
162.252 421.038 35.3573 8.7472 whiskers
200.576 421.038 15.0336 8.7472 that
218.604 421.038 12.2241 8.7472 are
233.798 421.038 37.9406 8.7472 relatively
274.673 421.038 25.5142 8.7472 longer
303.132 421.038 14.4159 8.7472 and
320.537 421.038 20.5329 8.7472 more
344.008 421.038 41.4833 8.7472 entangled,

53.8562 433.001 34.9488 8.7472 resulting
92.9176 433.001 7.7808 8.7472 in
104.709 433.001 4.4533 8.7472 a
113.213 433.001 35.5426 8.7472 hydrogel
152.784 433.001 32.6674 8.7472 network
189.520 433.001 15.0336 8.7472 that
208.626 433.001 38.0472 8.7472 possesses
250.804 433.001 22.1967 8.7472 much
277.053 433.001 27.7757 8.7472 greater
308.914 433.001 34.7406 8.7472 strength.
347.635 433.001 37.8180 8.7472 Cellulose

53.8562 444.963 49.9734 8.7472 nanocrystals
107.940 444.963 16.6874 8.7472 take
128.802 444.963 28.3137 8.7472 rodlike
161.287 444.963 26.6260 8.7472 shapes
192.015 444.963 17.7334 8.7472 with
213.841 444.963 4.4533 8.7472 a
222.459 444.963 27.2676 8.7472 typical
253.866 444.963 22.7147 8.7472 width
280.738 444.963 8.2988 8.7472 of
293.153 444.963 4.4533 8.7472 a
301.714 444.963 14.9240 8.7472 few
320.763 444.963 46.1019 8.7472 nanometers
371.049 444.963 14.4159 8.7472 and

53.8562 456.925 24.9962 8.7472 length
81.1816 456.925 8.2988 8.7472 of
91.7828 456.925 12.2341 8.7472 the
106.353 456.925 21.0510 8.7472 order
129.767 456.925 8.2988 8.7472 of
140.368 456.925 36.5129 8.7472 hundreds
179.259 456.925 8.2988 8.7472 of
189.860 456.925 46.1318 8.7472 nanometers
238.275 456.925 19.1322 8.7472 [50].
259.706 456.925 19.9152 8.7472 Such
281.930 456.925 45.5151 8.7472 dimensions
329.778 456.925 28.8318 8.7472 depend
360.959 456.925 9.9626 8.7472 on
373.261 456.925 12.2341 8.7472 the

53.8562 468.830 35.5565 8.7472 cellulose
92.8040 468.830 26.0223 8.7472 source
122.170 468.830 14.4159 8.7472 and
139.915 468.830 44.3704 8.7472 amorphous
187.593 468.830 35.5565 8.7472 cellulose
226.540 468.830 31.9401 8.7472 content,
261.803 468.830 14.4159 8.7472 and
279.547 468.830 12.2241 8.7472 are
295.081 468.830 16.5977 8.7472 thus
314.980 468.830 41.6596 8.7472 inﬂuenced
359.994 468.830 9.9626 8.7472 by
373.261 468.830 12.2341 8.7472 the

53.8562 480.792 41.6905 8.7472 conditions
98.6431 480.792 18.2515 8.7472 used
120.072 480.792 26.0422 8.7472 during
149.269 480.792 44.0835 8.7472 hydrolysis.
196.437 480.792 37.8390 8.7472 Cellulose
237.425 480.792 49.9834 8.7472 nanocrystals
290.488 480.792 28.8965 8.7472 display
322.520 480.792 4.4533 8.7472 a
330.117 480.792 21.6687 8.7472 small
354.947 480.792 30.4955 8.7472 number

53.8562 492.754 8.2988 8.7472 of
64.7413 492.754 28.3795 8.7472 defects
95.6951 492.754 14.4159 8.7472 and
112.759 492.754 20.9513 8.7472 show
136.342 492.754 9.9626 8.7472 no
148.871 492.754 20.4333 8.7472 signs
171.944 492.754 8.2988 8.7472 of
182.830 492.754 21.6687 8.7472 chain
207.150 492.754 31.3324 8.7472 folding.
241.109 492.754 7.1531 8.7472 A
250.860 492.754 20.0049 8.7472 large
273.480 492.754 25.5939 8.7472 elastic
301.770 492.754 34.3411 8.7472 modulus
338.733 492.754 23.6512 8.7472 (~150
365.039 492.754 20.4233 8.7472 GPa)

53.8562 504.716 14.4159 8.7472 and
71.6006 504.716 32.2499 8.7472 strength
107.146 504.716 13.6886 8.7472 (~7
124.154 504.716 20.4233 8.7472 GPa)
147.908 504.716 18.8692 8.7472 have
170.131 504.716 18.8692 8.7472 been
192.355 504.716 35.1630 8.7472 typically
230.793 504.716 40.7132 8.7472 calculated
274.842 504.716 8.2988 8.7472 or
286.465 504.716 45.0947 8.7472 determined
334.880 504.716 11.6164 8.7472 for
349.847 504.716 35.5565 8.7472 cellulose

53.8562 516.678 52.4640 8.7472 nanocrystals,
112.815 516.678 24.3685 8.7472 which
143.656 516.678 16.1494 8.7472 also
166.219 516.678 29.8380 8.7472 possess
202.502 516.678 4.4533 8.7472 a
213.444 516.678 17.7334 8.7472 very
237.651 516.678 14.9339 8.7472 low
259.080 516.678 30.5852 8.7472 thermal
296.157 516.678 40.5408 8.7472 expansion
343.155 516.678 42.2773 8.7472 coefﬁcient

53.8562 528.641 18.6699 8.7472 (~10
72.5669 525.835 9.5183 6.6410 À7
86.0031 528.642 7.1531 8.7472 K
93.1464 525.835 9.5183 6.6410 À1
102.670 528.642 3.3175 8.7472 )
109.927 528.642 15.7558 8.7472 [58,
129.598 528.642 15.8425 8.7472 59].
149.327 528.642 15.5516 8.7472 The
168.829 528.642 21.7563 8.7472 small
194.511 528.642 49.9794 8.7472 nanocrystals
248.425 528.642 13.8879 8.7472 can
266.283 528.642 19.3972 8.7472 form
289.640 528.642 9.4346 8.7472 an
302.963 528.642 35.0245 8.7472 isotropic
341.968 528.642 43.4569 8.7472 dispersion,

53.8571 540.604 32.7481 8.7472 whereas
89.6298 540.604 23.3224 8.7472 larger
116.048 540.604 33.9954 8.7472 particles
153.068 540.604 32.7471 8.7472 separate
188.898 540.604 15.5616 8.7472 into
207.493 540.604 9.4346 8.7472 an
219.965 540.604 46.9617 8.7472 anisotropic,
270.024 540.604 28.3237 8.7472 bottom
301.374 540.604 22.7048 8.7472 phase
327.170 540.604 8.2889 8.7472 as
338.508 540.604 12.2341 8.7472 the
353.815 540.604 31.6213 8.7472 concen-

53.8571 552.566 26.1319 8.7472 tration
82.9967 552.566 36.5827 8.7472 increases
122.624 552.566 19.0744 8.7472 [60].
144.621 552.566 37.7144 8.7472 Whiskers
185.326 552.566 34.5174 8.7472 obtained
222.743 552.566 19.3972 8.7472 from
245.137 552.566 31.7209 8.7472 tunicate
279.832 552.566 35.6631 8.7472 cellulose
318.439 552.566 13.8879 8.7472 can
335.277 552.566 9.4346 8.7472 be
347.636 552.566 37.8340 8.7472 separated

53.8571 564.472 9.9626 8.7472 by
66.6132 564.472 74.6707 8.7472 ultracentrifugation
144.055 564.472 21.6487 8.7472 using
168.489 564.472 4.4533 8.7472 a
175.746 564.472 43.3134 8.7472 saccharose
221.894 564.472 32.7670 8.7472 gradient
257.553 564.472 19.1312 8.7472 [61].

65.8191 576.434 15.5516 8.7472 The
83.9610 576.434 32.2489 8.7472 stability
118.827 576.434 8.2988 8.7472 of
129.655 576.434 35.5565 8.7472 cellulose
167.866 576.434 35.4429 8.7472 whiskers
205.850 576.434 6.6351 8.7472 is
215.035 576.434 32.6773 8.7472 strongly
250.297 576.434 41.6596 8.7472 inﬂuenced
294.517 576.434 9.9626 8.7472 by
307.046 576.434 12.2341 8.7472 the
321.843 576.434 15.5417 8.7472 size
339.984 576.434 45.5002 8.7472 polydisper-

53.8571 588.396 16.9065 8.7472 sity,
75.4570 588.396 12.2341 8.7472 the
92.4083 588.396 45.4295 8.7472 dimensions
142.581 588.396 8.2988 8.7472 of
155.563 588.396 12.2341 8.7472 the
172.457 588.396 36.4791 8.7472 particles,
213.616 588.396 14.4159 8.7472 and
232.721 588.396 18.3511 8.7472 their
255.795 588.396 28.8118 8.7472 surface
289.357 588.396 29.2243 8.7472 charge.
323.259 588.396 49.2461 8.7472 Suspensions
377.174 588.396 8.2988 8.7472 of

53.8582 179.372 13.9302 7.5706 Fig.
70.9225 179.372 8.4682 7.5706 12
85.3226 179.440 45.6605 7.4351 Transmission
134.135 179.440 27.4031 7.4351 electron
164.692 179.440 39.1400 7.4351 micrograph
206.985 179.440 7.0540 7.4351 of
217.133 179.440 55.2550 7.4351 microcrystalline
275.527 179.440 30.2230 7.4351 cellulose
308.919 179.440 29.6980 7.4351 prepared
341.744 179.440 8.4682 7.4351 by
353.309 179.440 32.1622 7.4351 treatment

53.8582 189.418 15.0734 7.4351 with
71.0927 189.418 9.9069 7.4351 (a)
83.1683 189.418 6.0802 7.4351 H
89.2346 192.704 3.1755 4.9562 2
92.4094 189.418 10.7546 7.4351 SO
103.181 192.704 3.1755 4.9562 4
108.510 189.418 12.2535 7.4351 and
122.967 189.418 10.3033 7.4351 (b)
135.439 189.418 16.2166 7.4351 HCl,
153.864 189.418 15.0734 7.4351 with
171.098 189.418 23.1775 7.4351 typical
196.497 189.418 20.2729 7.4351 single
218.947 189.418 45.7367 7.4351 microcrystals
266.909 189.418 25.4723 7.4351 marked
294.576 189.418 8.4682 7.4351 by
305.234 189.435 42.4934 7.4520 arrowheads.
349.908 189.435 18.4183 7.4520 Scale
370.487 189.435 14.9887 7.4520 bars

53.8581 199.339 26.9627 7.4351 indicate
82.6017 199.339 12.7023 7.4351 500
97.0587 199.339 10.8478 7.4351 nm
109.644 199.339 40.9861 7.4351 (reproduced
152.447 199.339 16.4876 7.4351 from
170.702 199.339 19.2990 7.4351 Araki
191.792 199.339 6.1648 7.4351 et
199.729 199.339 8.2819 7.4351 al.
209.764 199.339 16.2175 7.4351 [53],
227.734 199.339 32.5348 7.4351 copyright
262.034 199.339 16.9364 7.4351 1998
280.743 199.339 15.0734 7.4351 with
297.581 199.339 37.2008 7.4351 permission
336.585 199.339 16.4876 7.4351 from
354.840 199.339 30.6634 7.4351 Elsevier)

53.8581 36.9710 34.4571 7.4351 Cellulose:
90.7083 36.9710 31.1122 7.4351 Structure
124.213 36.9710 12.2535 7.4351 and
138.897 36.9710 34.3724 7.4351 Properties

377.063 36.9710 8.4682 7.4351 15

53.8582 62.4003 35.4429 8.7472 whiskers
92.3527 62.4003 34.9388 8.7472 prepared
130.392 62.4003 17.7334 8.7472 with
151.198 62.4003 7.1531 8.7472 H
158.400 66.2433 3.7359 5.8308 2
162.141 62.4003 12.6525 8.7472 SO
174.784 66.2433 3.7359 5.8308 4
181.587 62.4003 45.0011 8.7472 (negatively
229.718 62.4003 34.9388 8.7472 charged)
267.758 62.4003 12.2241 8.7472 are
283.065 62.4003 20.5329 8.7472 more
306.648 62.4003 23.4021 8.7472 stable
333.066 62.4003 8.2889 8.7472 as
344.405 62.4003 4.4533 8.7472 a
351.889 62.4003 22.2664 8.7472 result
377.174 62.4003 8.2988 8.7472 of

53.8588 74.3624 48.4880 8.7472 electrostatic
104.881 74.3624 37.2312 8.7472 repulsion
144.622 74.3624 16.5847 8.7472 [62]
163.728 74.3624 17.2154 8.7472 than
183.457 74.3624 35.4429 8.7472 whiskers
221.384 74.3624 34.5065 8.7472 obtained
258.404 74.3624 9.9626 8.7472 by
270.877 74.3624 41.5929 8.7472 hydrolysis
314.927 74.3624 17.7334 8.7472 with
335.223 74.3624 16.5877 8.7472 HCl
354.328 74.3624 31.2019 8.7472 (neutral

53.8578 86.3245 39.8036 8.7472 particles).

65.8199 98.2299 15.5516 8.7472 The
85.1523 98.2299 18.8791 8.7472 rigid
107.772 98.2299 14.4159 8.7472 and
125.971 98.2299 28.3137 8.7472 rodlike
158.058 98.2299 24.9862 8.7472 nature
186.858 98.2299 8.2988 8.7472 of
198.877 98.2299 35.5565 8.7472 cellulose
238.278 98.2299 3.3175 8.7472 I
245.308 98.2299 49.9734 8.7472 nanocrystals
299.052 98.2299 20.5230 8.7472 leads
323.373 98.2299 7.7808 8.7472 to
334.881 98.2299 50.5821 8.7472 macroscopic

53.8578 110.192 53.3766 8.7472 birefringence
111.230 110.192 22.7147 8.7472 under
137.875 110.192 46.6598 8.7472 observation
188.444 110.192 17.7334 8.7472 with
210.158 110.192 29.8579 8.7472 crossed
244.003 110.192 39.4947 8.7472 polarizers
287.372 110.192 19.1332 8.7472 [63].
310.448 110.192 9.9526 8.7472 At
324.338 110.192 14.9339 8.7472 low
343.216 110.192 42.1916 8.7472 concentra-

53.8568 122.154 21.8878 8.7472 tions,
78.7444 122.154 35.5565 8.7472 cellulose
117.351 122.154 49.9734 8.7472 nanocrystals
170.301 122.154 12.2241 8.7472 are
185.551 122.154 38.3520 8.7472 randomly
226.880 122.154 32.7670 8.7472 oriented
262.653 122.154 7.7808 8.7472 in
273.424 122.154 22.1767 8.7472 water
298.652 122.154 14.4159 8.7472 and
316.057 122.154 26.6400 8.7472 appear
345.707 122.154 8.2889 8.7472 as
356.988 122.154 17.2154 8.7472 oval
377.171 122.154 8.2988 8.7472 or

53.8568 134.116 36.1662 8.7472 spherical
93.9951 134.116 31.7030 8.7472 features
129.711 134.116 19.0744 8.7472 [64].
152.785 134.116 10.9887 8.7472 As
167.752 134.116 12.2341 8.7472 the
184.023 134.116 54.5273 8.7472 concentration
242.586 134.116 6.6351 8.7472 is
253.187 134.116 40.3276 8.7472 increased,
297.520 134.116 12.2341 8.7472 the
313.734 134.116 49.9734 8.7472 nanocrystals
367.704 134.116 17.8032 8.7472 self-

53.8568 146.078 36.7112 8.7472 assemble
93.3715 146.078 22.2724 8.7472 along
118.486 146.078 4.4533 8.7472 a
125.799 146.078 24.9862 8.7472 vector
153.635 146.078 7.7808 8.7472 to
164.293 146.078 20.0149 8.7472 yield
187.197 146.078 4.4533 8.7472 a
194.510 146.078 27.2676 8.7472 typical
224.670 146.078 43.4260 8.7472 cholesteric
270.930 146.078 23.4131 8.7472 liquid
297.180 146.078 41.7533 8.7472 crystalline
341.796 146.078 25.2811 8.7472 phase.
369.916 146.078 15.5516 8.7472 The

53.8568 158.040 22.8044 8.7472 chiral
78.9715 158.040 31.7966 8.7472 nematic
113.043 158.040 21.1157 8.7472 order
136.457 158.040 13.8879 8.7472 can
152.615 158.040 9.4346 8.7472 be
164.350 158.040 32.3306 8.7472 retained
198.932 158.040 19.9252 8.7472 upon
221.155 158.040 32.8696 8.7472 removal
256.304 158.040 8.2988 8.7472 of
266.849 158.040 22.1767 8.7472 water
291.397 158.040 14.4159 8.7472 and
308.121 158.040 26.0223 8.7472 results
336.466 158.040 7.7808 8.7472 in
346.501 158.040 38.9677 8.7472 iridescent

53.8568 170.002 22.4059 8.7472 ﬁlms,
78.4614 170.002 12.2341 8.7472 the
92.8614 170.002 20.5329 8.7472 color
115.595 170.002 8.2988 8.7472 of
126.026 170.002 24.3685 8.7472 which
152.615 170.002 13.8879 8.7472 can
168.658 170.002 9.4346 8.7472 be
180.281 170.002 23.3224 8.7472 easily
205.792 170.002 22.2724 8.7472 tuned
230.169 170.002 9.9626 8.7472 by
242.302 170.002 36.7211 8.7472 changing
281.136 170.002 12.2341 8.7472 the
295.536 170.002 13.9676 8.7472 salt
311.637 170.002 57.0180 8.7472 concentration,
370.823 170.002 14.6251 8.7472 pH,

53.8568 181.964 14.4159 8.7472 and
70.3539 181.964 47.9012 8.7472 temperature
120.299 181.964 8.2988 8.7472 of
130.674 181.964 12.2341 8.7472 the
144.960 181.964 43.7458 8.7472 suspension
190.767 181.964 19.1322 8.7472 [65].
211.972 181.964 9.9526 8.7472 At
223.991 181.964 25.5142 8.7472 higher
251.600 181.964 20.0149 8.7472 ionic
273.710 181.964 32.1493 8.7472 strength
307.952 181.964 20.2241 8.7472 (e.g.,
330.290 181.964 9.9626 8.7472 by
342.309 181.964 32.7770 8.7472 addition
377.175 181.964 8.2988 8.7472 of

53.8558 193.869 19.0784 8.7472 HCl,
75.3989 193.869 23.5317 8.7472 NaCl,
101.420 193.869 8.2988 8.7472 or
112.135 193.869 22.4756 8.7472 KCl),
137.022 193.869 12.2341 8.7472 the
151.705 193.869 36.8716 8.7472 electrical
191.049 193.869 50.5990 8.7472 double-layer
244.056 193.869 22.8741 8.7472 effect
269.340 193.869 6.6351 8.7472 is
278.411 193.869 35.0265 8.7472 screened
315.885 193.869 12.7621 8.7472 out
331.079 193.869 14.4159 8.7472 and
347.973 193.869 12.2341 8.7472 the
362.656 193.869 22.8044 8.7472 chiral

53.8558 205.831 46.7575 8.7472 interactions
103.007 205.831 31.2118 8.7472 become
136.569 205.831 35.2547 8.7472 stronger.
174.212 205.831 15.5516 8.7472 The
192.183 205.831 46.1308 8.7472 counter-ion
240.712 205.831 16.1494 8.7472 also
259.194 205.831 26.7097 8.7472 effects
288.333 205.831 12.2341 8.7472 the
302.960 205.831 46.7545 8.7472 interactions
352.113 205.831 33.3837 8.7472 between

53.8558 217.794 36.4860 8.7472 particles.
92.7458 217.794 8.2988 8.7472 In
103.517 217.794 12.2341 8.7472 the
118.200 217.794 34.9289 8.7472 presence
155.616 217.794 8.3636 8.7472 of
166.388 217.794 32.3685 8.7472 protons,
201.254 217.794 12.2341 8.7472 the
215.937 217.794 35.5565 8.7472 cellulose
253.977 217.794 47.6511 8.7472 suspensions
304.036 217.794 19.3972 8.7472 form
325.919 217.794 30.4856 8.7472 ordered
358.914 217.794 26.5404 8.7472 phases

53.8558 229.756 7.2528 8.7472 at
63.2665 229.756 12.2341 8.7472 the
77.7232 229.756 26.0223 8.7472 lowest
105.956 229.756 27.9710 8.7472 critical
136.060 229.756 57.0180 8.7472 concentration.
195.303 229.756 47.2875 8.7472 Application
244.739 229.756 8.2988 8.7472 of
255.226 229.756 4.4533 8.7472 a
261.803 229.756 36.7779 8.7472 magnetic
300.750 229.756 17.7334 8.7472 ﬁeld
320.707 229.756 26.0422 8.7472 during
348.940 229.756 26.0422 8.7472 drying
377.173 229.756 8.2988 8.7472 of

53.8558 241.718 35.5565 8.7472 cellulose
93.5966 241.718 19.9152 8.7472 ﬁlms
117.634 241.718 26.1020 8.7472 results
147.794 241.718 7.7808 8.7472 in
159.699 241.718 27.7757 8.7472 perfect
191.616 241.718 43.4120 8.7472 orientation
239.182 241.718 8.2988 8.7472 of
251.597 241.718 12.2341 8.7472 the
267.925 241.718 37.9336 8.7472 whiskers,
309.991 241.718 29.4494 8.7472 leading
343.553 241.718 7.7808 8.7472 to
355.458 241.718 29.9675 8.7472 colored

53.8558 253.680 36.7949 8.7472 materials
94.7871 253.680 15.0336 8.7472 that
114.006 253.680 13.8879 8.7472 can
132.091 253.680 9.4346 8.7472 be
145.640 253.680 18.2515 8.7472 used
168.090 253.680 8.2889 8.7472 as
180.562 253.680 31.6213 8.7472 security
216.391 253.680 24.6774 8.7472 paper.
245.248 253.680 15.6214 8.7472 The
264.977 253.680 20.6086 8.7472 color
289.695 253.680 28.3037 8.7472 change
322.236 253.680 32.7491 8.7472 depends
359.143 253.680 9.9626 8.7472 on
373.259 253.680 12.2341 8.7472 the

53.8558 265.642 32.2499 8.7472 viewing
89.7989 265.642 24.2350 8.7472 angle,
117.748 265.642 24.4582 8.7472 which
145.924 265.642 6.6351 8.7472 is
156.299 265.642 24.4333 8.7472 useful
184.475 265.642 11.6164 8.7472 for
199.838 265.642 43.3224 8.7472 production
246.949 265.642 8.2988 8.7472 of
259.025 265.642 35.0484 8.7472 optically
297.859 265.642 32.3456 8.7472 variable
333.915 265.642 33.3787 8.7472 coatings
371.049 265.642 14.4159 8.7472 and

53.8558 277.604 19.0883 8.7472 inks.
75.0024 277.604 26.1100 8.7472 Figure
103.121 277.604 9.9626 8.7472 13
115.140 277.604 24.7869 8.7472 shows
142.012 277.604 34.4208 8.7472 different
178.522 277.604 33.8967 8.7472 domains
214.465 277.604 8.2988 8.7472 of
224.784 277.604 12.2341 8.7472 the
239.070 277.604 35.6711 8.7472 cellulose
276.771 277.604 52.4700 8.7472 nanocrystals,
331.309 277.604 42.6300 8.7472 suggesting
376.039 277.604 9.4346 8.7472 an

53.8558 289.509 30.4856 8.7472 ordered
86.5102 289.509 22.7048 8.7472 phase
111.341 289.509 19.0883 8.7472 (Fig.
132.488 289.509 17.7743 8.7472 13a)
152.331 289.509 14.4159 8.7472 and
168.885 289.509 4.4533 8.7472 a
175.404 289.509 49.9694 8.7472 well-deﬁned
227.448 289.509 43.4031 8.7472 cholesteric
272.972 289.509 22.7048 8.7472 phase
297.803 289.509 19.1581 8.7472 (Fig.
319.007 289.509 18.2844 8.7472 13b)
339.360 289.509 19.1302 8.7472 [35].
360.562 289.509 24.8866 8.7472 Under

53.8548 301.471 9.4346 8.7472 an
67.6311 301.471 32.3356 8.7472 external
104.253 301.471 36.7779 8.7472 magnetic
145.355 301.471 20.2241 8.7472 ﬁeld,
169.959 301.471 21.6687 8.7472 small
195.981 301.471 21.7444 8.7472 angle
222.002 301.471 30.5712 8.7472 neutron
256.925 301.471 38.8741 8.7472 scattering
300.181 301.471 32.0138 8.7472 (SANS)
336.520 301.471 48.9303 8.7472 experiments

53.8548 313.434 31.7209 8.7472 indicate
90.7613 313.434 15.0336 8.7472 that
110.886 313.434 12.2341 8.7472 the
128.234 313.434 43.4260 8.7472 cholesteric
176.762 313.434 16.0697 8.7472 axis
197.964 313.434 8.2988 8.7472 of
211.344 313.434 12.2341 8.7472 the
228.692 313.434 22.8044 8.7472 chiral
256.641 313.434 31.7209 8.7472 nematic
293.548 313.434 22.7048 8.7472 phase
321.383 313.434 23.8505 8.7472 aligns
350.352 313.434 17.7334 8.7472 with
373.200 313.434 12.2341 8.7472 the

53.8548 325.396 36.7889 8.7472 magnetic
93.5956 325.396 17.7334 8.7472 ﬁeld
114.287 325.396 19.1322 8.7472 [66].
136.342 325.396 24.8965 8.7472 Along
164.234 325.396 12.2341 8.7472 the
179.428 325.396 43.4031 8.7472 cholesteric
225.802 325.396 18.6480 8.7472 axis,
247.345 325.396 12.2341 8.7472 the
262.539 325.396 32.8557 8.7472 distance
298.368 325.396 33.2751 8.7472 between
334.651 325.396 12.2341 8.7472 the
349.845 325.396 35.5565 8.7472 cellulose

53.8548 337.358 33.9954 8.7472 particles
90.0808 337.358 6.6351 8.7472 is
98.9246 337.358 27.6861 8.7472 shorter
128.858 337.358 17.2154 8.7472 than
148.360 337.358 55.0404 8.7472 perpendicular
205.675 337.358 7.7808 8.7472 to
215.653 337.358 8.0896 8.7472 it.
225.971 337.358 17.7334 8.7472 This
245.983 337.358 35.5565 8.7472 evidence
283.853 337.358 33.7035 8.7472 suggests
319.853 337.358 4.4533 8.7472 a
326.486 337.358 26.8373 8.7472 helical
355.513 337.358 19.4689 8.7472 twist
377.170 337.358 8.2988 8.7472 of

53.8548 349.320 12.2341 8.7472 the
68.9352 349.320 35.5565 8.7472 cellulose
107.372 349.320 37.9336 8.7472 whiskers.

65.8169 361.282 8.2988 8.7472 In
77.2689 361.282 61.6814 8.7472 cellulose-based
142.124 361.282 66.9487 8.7472 nanocomposites,
212.253 361.282 35.4429 8.7472 whiskers
250.804 361.282 17.2154 8.7472 give
271.213 361.282 36.2718 8.7472 excellent
310.614 361.282 39.9959 8.7472 properties
353.814 361.282 31.6113 8.7472 because

53.8548 373.244 18.3511 8.7472 their
74.5471 373.244 28.3037 8.7472 regular
105.218 373.244 14.4159 8.7472 and
121.942 373.244 28.2938 8.7472 precise
152.556 373.244 35.5466 8.7472 rigid-rod
190.426 373.244 22.7048 8.7472 shape
215.427 373.244 37.2083 8.7472 improves
254.941 373.244 12.2341 8.7472 the
269.512 373.244 45.6088 8.7472 mechanical
317.530 373.244 57.3517 8.7472 characteristics
377.170 373.244 8.2988 8.7472 of

53.8548 385.149 4.4533 8.7472 a
60.6015 385.149 27.7857 8.7472 variety
90.7055 385.149 8.2988 8.7472 of
101.306 385.149 27.7857 8.7472 natural
131.409 385.149 14.4159 8.7472 and
148.133 385.149 36.1543 8.7472 synthetic
186.571 385.149 39.2825 8.7472 materials.
228.184 385.149 15.5516 8.7472 The
246.042 385.149 64.3813 8.7472 nanocomposites
312.768 385.149 20.9513 8.7472 show
336.012 385.149 49.4633 8.7472 signiﬁcantly

53.8548 397.111 37.8370 8.7472 enhanced
96.9969 397.111 45.6088 8.7472 mechanical
147.963 397.111 39.9849 8.7472 properties
193.317 397.111 8.2889 8.7472 as
206.866 397.111 4.4533 8.7472 a
216.617 397.111 22.1867 8.7472 result
244.113 397.111 8.2988 8.7472 of
257.719 397.111 39.4987 8.7472 formation
302.505 397.111 8.2988 8.7472 of
316.111 397.111 4.4533 8.7472 a
325.805 397.111 18.9489 8.7472 rigid
350.013 397.111 35.4429 8.7472 whiskers

53.8548 409.073 35.2507 8.7472 network,
91.8950 409.073 18.8692 8.7472 even
113.608 409.073 21.5690 8.7472 when
138.042 409.073 12.2341 8.7472 the
153.066 409.073 35.4429 8.7472 whiskers
191.333 409.073 29.4494 8.7472 content
223.648 409.073 6.6351 8.7472 is
233.115 409.073 17.7434 8.7472 only
253.638 409.073 4.4533 8.7472 a
260.895 409.073 14.9240 8.7472 few
278.696 409.073 29.4395 8.7472 percent
311.011 409.073 15.8146 8.7472 [67,
329.607 409.073 15.7857 8.7472 68].

53.8582 555.699 13.9302 7.5706 Fig.
71.1494 555.699 8.4682 7.5706 13
85.5496 555.767 53.6714 7.4351 Cross-polarized
142.639 555.767 23.1775 7.4351 optical
169.172 555.767 39.5804 7.4351 microscopy
212.089 555.767 24.0582 7.4351 images
239.471 555.767 7.0540 7.4351 of
249.903 555.767 26.9627 7.4351 tunicate
280.176 555.767 30.0536 7.4351 whiskers
313.625 555.767 9.8494 7.4351 (a)
326.834 555.767 6.1648 7.4351 at
336.301 555.767 19.9172 7.4351 initial
359.545 555.767 25.9127 7.4351 ordered

53.8582 565.745 19.2990 7.4351 phase
75.8552 565.745 12.2535 7.4351 and
90.8219 565.745 10.3033 7.4351 (b)
103.804 565.745 6.1648 7.4351 at
112.648 565.745 36.8282 7.4351 cholesteric
152.220 565.745 19.2990 7.4351 phase
174.217 565.745 40.9861 7.4351 (reproduced
217.927 565.745 16.4876 7.4351 from
237.089 565.745 8.0194 7.4351 de
247.804 565.745 20.7132 7.4351 Souza
271.219 565.745 17.9780 7.4351 Lima
291.912 565.745 12.2535 7.4351 and
306.822 565.745 24.4985 7.4351 Borsali
334.034 565.745 16.2183 7.4351 [35],
352.969 565.745 32.5348 7.4351 copyright

53.8582 575.667 16.9364 7.4351 2004
73.1903 575.667 15.0734 7.4351 with
90.6517 575.667 37.2008 7.4351 permission
130.223 575.667 16.4876 7.4351 from
149.102 575.667 15.9626 7.4351 John
167.414 575.667 20.7979 7.4351 Wiley
190.658 575.667 12.2535 7.4351 and
205.285 575.667 19.2228 7.4351 Sons)

53.8582 36.8591 8.4682 7.4351 16

351.722 36.8591 7.3165 7.4351 T.
361.416 36.8591 24.0497 7.4351 Heinze

65.8204 62.4003 37.8250 8.7472 Cellulose
109.189 62.4003 49.9794 8.7472 nanocrystals
164.691 62.4003 13.8879 8.7472 can
184.136 62.4003 9.4346 8.7472 be
199.103 62.4003 37.7244 8.7472 dispersed
242.359 62.4003 7.7808 8.7472 in
255.625 62.4003 20.6086 8.7472 polar
281.760 62.4003 27.7857 8.7472 aprotic
315.095 62.4003 32.7371 8.7472 solvents
353.362 62.4003 18.2515 8.7472 such
377.173 62.4003 8.2889 8.7472 as

53.8583 74.3624 35.6731 8.7472 dimethyl
93.9966 74.3624 37.2133 8.7472 sulfoxide
135.722 74.3624 35.3483 8.7472 (DMSO)
175.519 74.3624 14.4159 8.7472 and
194.456 74.3824 98.7353 8.7671 N,N-dimethylformamide
297.749 74.3624 30.5951 8.7472 (DMF),
332.898 74.3624 11.6164 8.7472 for
348.999 74.3624 36.4801 8.7472 example,

53.8593 86.3245 11.6164 8.7472 for
72.6816 86.3245 12.2341 8.7472 the
92.1266 86.3245 45.6128 8.7472 preparation
144.964 86.3245 8.2988 8.7472 of
160.441 86.3245 19.9929 8.7472 ﬁlms
187.597 86.3245 41.6636 8.7472 displaying
236.465 86.3245 53.3597 8.7472 birefringence
297.126 86.3245 19.1322 8.7472 [69].
323.432 86.3245 47.0763 8.7472 Dispersions
377.686 86.3245 7.7808 8.7472 in

53.8593 98.2298 67.3731 8.7472 dichloromethane
130.506 98.2298 22.1867 8.7472 allow
162.027 98.2298 47.7786 8.7472 ﬁlm-casting
219.172 98.2298 17.7334 8.7472 with
246.215 98.2298 83.4009 8.7472 poly(ε-caprolactone)
338.909 98.2298 29.4494 8.7472 leading
377.686 98.2298 7.7808 8.7472 to

53.8593 110.191 44.5697 8.7472 completely
102.727 110.191 35.4669 8.7472 biobased
142.525 110.191 44.9901 8.7472 composites
191.790 110.191 15.0336 8.7472 that
211.122 110.191 29.7583 8.7472 possess
245.195 110.191 25.5142 8.7472 higher
275.015 110.191 30.5951 8.7472 melting
309.937 110.191 14.4159 8.7472 and
328.645 110.191 56.8038 8.7472 crystallization

53.8593 122.154 54.2234 8.7472 temperatures,
111.458 122.154 8.2889 8.7472 as
123.080 122.154 17.2054 8.7472 well
143.659 122.154 8.2889 8.7472 as
155.337 122.154 25.5142 8.7472 higher
184.250 122.154 19.9053 8.7472 glass
207.494 122.154 37.8419 8.7472 transition
248.709 122.154 51.7447 8.7472 temperatures
303.815 122.154 39.4021 8.7472 compared
346.617 122.154 17.7334 8.7472 with
367.707 122.154 17.7434 8.7472 poly

53.8593 134.116 68.0725 8.7472 (ε-caprolactone).
124.100 134.116 107.398 8.7472 Poly(β-hydroxyalkanoate),
233.688 134.116 35.5565 8.7472 cellulose
271.502 134.116 27.9810 8.7472 acetate
301.663 134.116 35.2576 8.7472 butyrate,
339.136 134.116 26.4109 8.7472 starch,
367.709 134.116 17.7434 8.7472 poly

53.8593 146.078 23.8604 8.7472 (vinyl
81.2415 146.078 38.5752 8.7472 chloride),
123.363 146.078 42.2115 8.7472 polyamide
169.113 146.078 7.4719 8.7472 6,
180.055 146.078 21.9775 8.7472 latex,
205.566 146.078 41.6038 8.7472 poly(vinyl
250.693 146.078 35.3443 8.7472 alcohol),
289.470 146.078 14.4159 8.7472 and
307.385 146.078 20.5329 8.7472 other
331.423 146.078 36.1652 8.7472 synthetic
371.050 146.078 14.4159 8.7472 and

53.8593 158.040 27.7857 8.7472 natural
84.0759 158.040 65.6246 8.7472 macromolecules
152.106 158.040 18.8692 8.7472 have
173.365 158.040 18.8692 8.7472 been
194.624 158.040 31.7070 8.7472 blended
228.696 158.040 17.7334 8.7472 with
248.765 158.040 35.6422 8.7472 cellulose
286.805 158.040 35.4429 8.7472 whiskers
324.563 158.040 7.7808 8.7472 to
334.711 158.040 36.1752 8.7472 reinforce
373.261 158.040 12.2341 8.7472 the

53.8593 170.002 31.6143 8.7472 systems
88.2711 170.002 15.8136 8.7472 [35,
106.866 170.002 12.4682 8.7472 67,
122.116 170.002 12.4682 8.7472 68,
137.365 170.002 30.7526 8.7472 70–76].

65.8194 181.964 37.8250 8.7472 Cellulose
107.317 181.964 35.4429 8.7472 whiskers
146.435 181.964 13.8879 8.7472 can
164.066 181.964 32.7471 8.7472 increase
200.576 181.964 12.2341 8.7472 the
216.506 181.964 47.8972 8.7472 crystallinity
268.096 181.964 8.2988 8.7472 of
280.114 181.964 12.2341 8.7472 the
296.045 181.964 28.6225 8.7472 matrix,
328.416 181.964 17.7334 8.7472 with
349.846 181.964 35.5565 8.7472 cellulose

53.8573 193.869 33.9954 8.7472 particles
91.8407 193.869 35.5525 8.7472 probably
131.412 193.869 24.4681 8.7472 acting
159.928 193.869 8.2889 8.7472 as
172.229 193.869 4.4533 8.7472 a
180.734 193.869 41.6835 8.7472 nucleating
226.541 193.869 24.1593 8.7472 agent.
254.717 193.869 15.6214 8.7472 The
274.332 193.869 41.7881 8.7472 nucleating
320.139 193.869 22.7944 8.7472 effect
347.011 193.869 6.6351 8.7472 is
357.613 193.869 27.8853 8.7472 mainly

53.8573 205.831 37.2063 8.7472 governed
95.3565 205.831 9.9626 8.7472 by
109.586 205.831 12.2341 8.7472 the
126.140 205.831 28.8118 8.7472 surface
159.304 205.831 59.9001 8.7472 characteristics,
223.479 205.831 32.7481 8.7472 whereas
260.498 205.831 45.5052 8.7472 unmodiﬁed
310.331 205.831 35.4429 8.7472 whiskers
350.016 205.831 18.8692 8.7472 have
373.260 205.831 12.2341 8.7472 the

53.8573 217.794 26.6400 8.7472 largest
83.3934 217.794 41.6835 8.7472 nucleation
127.953 217.794 22.7944 8.7472 effect
153.634 217.794 19.1322 8.7472 [77].

53.8582 260.117 14.9439 10.5683 4.3
80.7871 260.117 77.7799 10.5683 Microﬁbrillated
161.971 260.117 46.0032 10.5683 Cellulose

53.8582 289.568 24.3785 8.7472 Wood
82.3174 289.568 17.8081 8.7472 pulp
104.201 289.568 6.6351 8.7472 is
114.859 289.568 51.7198 8.7472 disintegrated
170.701 289.568 9.9626 8.7472 by
184.760 289.568 34.9588 8.7472 applying
223.821 289.568 17.7434 8.7472 high
245.647 289.568 21.0410 8.7472 shear
270.818 289.568 20.6106 8.7472 force
295.480 289.568 11.6164 8.7472 for
311.184 289.568 12.2341 8.7472 the
327.511 289.568 45.6217 8.7472 preparation
377.174 289.568 8.2988 8.7472 of

53.8582 301.530 62.3848 8.7472 microﬁbrillated
119.394 301.530 35.5565 8.7472 cellulose
158.171 301.530 30.1568 8.7472 (MFC).
191.450 301.530 15.6214 8.7472 The
210.215 301.530 22.0871 8.7472 ﬁbers
235.500 301.530 12.2241 8.7472 are
250.920 301.530 45.1196 8.7472 moderately
299.165 301.530 36.6962 8.7472 degraded
339.020 301.530 14.4159 8.7472 and
356.595 301.530 28.8318 8.7472 opened

53.8582 313.493 15.5616 8.7472 into
71.8865 313.493 18.3511 8.7472 their
92.7492 313.493 51.6292 8.7472 substructural
146.833 313.493 23.3025 8.7472 ﬁbrils
172.571 313.493 14.4159 8.7472 and
189.466 313.493 46.6469 8.7472 microﬁbrils
238.561 313.493 19.1322 8.7472 [78].
260.162 313.493 15.5516 8.7472 The
278.191 313.493 23.2328 8.7472 ﬁbrils
303.929 313.493 14.4159 8.7472 and
320.767 313.493 19.4609 8.7472 ﬁbril
342.650 313.493 42.8033 8.7472 aggregates

53.8582 325.455 12.2241 8.7472 are
68.3149 325.455 25.5242 8.7472 highly
96.0369 325.455 41.4614 8.7472 entangled,
139.689 325.455 40.6235 8.7472 inherently
182.491 325.455 43.1271 8.7472 connected,
227.845 325.455 14.4159 8.7472 and
244.455 325.455 19.3972 8.7472 form
266.055 325.455 53.4832 8.7472 mechanically
321.784 325.455 24.8965 8.7472 strong
348.883 325.455 36.5956 8.7472 networks

53.8582 337.360 14.4159 8.7472 and
71.2061 337.360 18.6480 8.7472 gels.
92.7492 337.360 15.5516 8.7472 The
111.230 337.360 32.8427 8.7472 inherent
147.003 337.360 46.7545 8.7472 interactions
196.722 337.360 22.1867 8.7472 result
221.894 337.360 7.7808 8.7472 in
232.552 337.360 22.2724 8.7472 much
257.723 337.360 32.6674 8.7472 stronger
293.383 337.360 16.0697 8.7472 gels
312.431 337.360 17.2154 8.7472 than
332.557 337.360 21.1207 8.7472 those
356.594 337.360 28.8318 8.7472 formed

53.8582 349.322 17.7434 8.7472 only
75.2878 349.322 9.9626 8.7472 by
88.9505 349.322 21.0410 8.7472 weak
113.724 349.322 37.7244 8.7472 hydrogen
155.110 349.322 23.8256 8.7472 bonds
182.605 349.322 33.3837 8.7472 between
219.682 349.322 22.1767 8.7472 water
245.591 349.322 14.4159 8.7472 and
263.676 349.322 25.7872 8.7472 ﬁbrils.
293.155 349.322 31.6073 8.7472 Various
328.418 349.322 57.0080 8.7472 pretreatments,

53.8582 361.284 18.2515 8.7472 such
75.9114 361.284 8.2889 8.7472 as
87.9871 361.284 18.3611 8.7472 mild
110.153 361.284 82.6378 8.7472 carboxymethylation,
196.552 361.284 26.1219 8.7472 enable
226.486 361.284 20.9513 8.7472 MFC
251.261 361.284 7.7808 8.7472 to
262.769 361.284 9.4346 8.7472 be
275.979 361.284 34.5065 8.7472 obtained
314.246 361.284 9.9626 8.7472 by
328.023 361.284 4.4533 8.7472 a
336.243 361.284 14.9240 8.7472 less
354.951 361.284 30.4856 8.7472 energy-

53.8582 373.246 43.8643 8.7472 consuming
101.820 373.246 33.9087 8.7472 shearing
139.804 373.246 19.1302 8.7472 [79].
163.047 373.246 46.0222 8.7472 Subsequent
213.220 373.246 42.1119 8.7472 ultrasound
259.537 373.246 26.0223 8.7472 results
289.696 373.246 7.7808 8.7472 in
301.602 373.246 29.5272 8.7472 smaller
335.221 373.246 14.4159 8.7472 and
353.816 373.246 31.6213 8.7472 charged

53.8572 385.208 23.4420 8.7472 MFC.
81.7495 385.208 15.5516 8.7472 The
101.762 385.208 50.0870 8.7472 combination
156.243 385.208 8.2988 8.7472 of
169.000 385.208 18.3611 8.7472 mild
191.790 385.208 41.1555 8.7472 enzymatic
237.427 385.208 41.5869 8.7472 hydrolysis
283.461 385.208 17.7334 8.7472 with
305.628 385.208 54.3251 8.7472 high-pressure
364.360 385.208 21.0410 8.7472 shear

53.8572 397.170 24.3586 8.7472 forces
82.9968 397.170 13.8879 8.7472 can
101.592 397.170 9.4346 8.7472 be
115.708 397.170 18.3162 8.7472 used
138.725 397.170 8.2889 8.7472 as
151.707 397.170 9.4346 8.7472 an
165.880 397.170 40.0297 8.7472 additional
210.667 397.170 29.9775 8.7472 method
245.420 397.170 11.6164 8.7472 for
261.747 397.170 12.2341 8.7472 the
278.699 397.170 45.6217 8.7472 preparation
329.041 397.170 8.2988 8.7472 of
342.023 397.170 20.9513 8.7472 MFC
367.705 397.170 17.7334 8.7472 with

53.8572 409.133 40.6364 8.7472 controlled
97.1696 409.133 35.0385 8.7472 diameter
134.926 409.133 7.7808 8.7472 in
145.358 409.133 12.2341 8.7472 the
160.325 409.133 39.4888 8.7472 nanoscale
202.447 409.133 24.7710 8.7472 range.
229.829 409.133 56.1592 8.7472 Mercerization
288.732 409.133 13.8879 8.7472 can
305.286 409.133 16.1494 8.7472 also
324.050 409.133 9.4346 8.7472 be
336.183 409.133 9.4346 8.7472 an
348.259 409.133 37.2063 8.7472 appropri-

53.8572 421.095 11.7061 8.7472 ate
68.3707 421.095 37.9256 8.7472 treatment
109.131 421.095 19.1312 8.7472 [80].

65.8183 433.000 20.9513 8.7472 MFC
90.1958 433.000 13.8879 8.7472 can
107.543 433.000 9.4346 8.7472 be
120.412 433.000 18.2515 8.7472 used
142.069 433.000 7.7808 8.7472 to
153.293 433.000 32.2320 8.7472 produce
188.896 433.000 37.3199 8.7472 patterned
229.658 433.000 32.7481 8.7472 surfaces
265.770 433.000 21.6487 8.7472 using
290.828 433.000 48.4113 8.7472 lithographic
342.645 433.000 42.8053 8.7472 techniques

53.8562 444.962 19.1302 8.7472 [81].
75.7391 444.962 8.2988 8.7472 In
86.7946 444.962 20.5230 8.7472 these
110.095 444.962 23.6173 8.7472 cases,
136.457 444.962 20.9513 8.7472 MFC
160.210 444.962 37.2023 8.7472 improves
200.179 444.962 52.2837 8.7472 homogeneity
255.170 444.962 14.4159 8.7472 and
272.404 444.962 34.7396 8.7472 stability,
309.934 444.962 24.3685 8.7472 which
337.146 444.962 6.6351 8.7472 is
346.500 444.962 38.9926 8.7472 important

53.8552 456.924 7.7808 8.7472 in
65.0233 456.924 28.8367 8.7472 various
97.3948 456.924 49.7154 8.7472 applications.
150.628 456.924 52.4371 8.7472 Microcontact
206.471 456.924 31.1082 8.7472 printing
240.996 456.924 8.2988 8.7472 of
252.674 456.924 40.8895 8.7472 oppositely
297.008 456.924 31.0604 8.7472 charged
331.591 456.924 53.9953 8.7472 poly(ethylene

53.8552 468.886 25.7115 8.7472 imine)
81.9189 468.886 21.2622 8.7472 (PEI)
105.446 468.886 9.9626 8.7472 on
117.692 468.886 4.4533 8.7472 a
124.496 468.886 28.2639 8.7472 surface
155.110 468.886 8.2988 8.7472 of
165.711 468.886 66.2483 8.7472 PEI/poly(styrene
234.309 468.886 39.1470 8.7472 sulfonate)
275.809 468.886 34.9458 8.7472 followed
312.998 468.886 9.9626 8.7472 by
325.187 468.886 20.8079 8.7472 MFC
348.374 468.886 37.2043 8.7472 treatment

53.8552 480.848 18.7048 8.7472 (Fig.
76.0788 480.848 19.9242 8.7472 14a),
99.4361 480.848 8.2988 8.7472 or
111.114 480.848 9.9626 8.7472 on
124.437 480.848 4.4533 8.7472 a
132.431 480.848 43.6760 8.7472 PEI-coated
179.485 480.848 55.5803 8.7472 poly(dimethyl
238.559 480.848 35.9480 8.7472 siloxane)
277.905 480.848 26.0104 8.7472 stamp,
307.328 480.848 35.4439 8.7472 produces
346.161 480.848 39.3194 8.7472 geometric

53.8552 492.810 31.0973 8.7472 patterns
87.1911 492.810 18.8104 8.7472 (Fig.
108.279 492.810 20.4921 8.7472 14b).
131.014 492.810 19.6084 8.7472 Such
153.012 492.810 32.0995 8.7472 surfaces
187.367 492.810 13.7115 8.7472 can
203.410 492.810 9.4346 8.7472 be
215.145 492.810 18.0522 8.7472 used
235.441 492.810 7.7808 8.7472 in
245.475 492.810 12.0498 8.7472 the
259.875 492.810 50.8172 8.7472 development
312.996 492.810 8.2988 8.7472 of
323.540 492.810 45.3906 8.7472 membranes
371.275 492.810 14.2226 8.7472 and

53.8552 504.773 22.2604 8.7472 ﬁlters
80.2740 504.773 31.0983 8.7472 because
115.593 504.773 12.0996 8.7472 the
131.807 504.773 17.5222 8.7472 pore
153.464 504.773 37.2123 8.7472 geometry
194.736 504.773 14.2784 8.7472 and
213.161 504.773 15.3693 8.7472 size
232.663 504.773 13.7115 8.7472 can
250.520 504.773 9.4346 8.7472 be
264.070 504.773 39.8215 8.7472 controlled
307.949 504.773 9.9626 8.7472 by
322.009 504.773 34.8571 8.7472 selection
361.069 504.773 8.2988 8.7472 of
373.428 504.773 12.0498 8.7472 the

53.8552 516.735 44.6484 8.7472 appropriate
101.193 516.735 46.4945 8.7472 microstamp
150.289 516.735 29.6457 8.7472 pattern.

65.8173 528.640 20.9513 8.7472 MFC
89.1746 528.640 13.8879 8.7472 can
105.445 528.640 9.4346 8.7472 be
117.294 528.640 44.0636 8.7472 chemically
163.724 528.640 35.4768 8.7472 modiﬁed
201.594 528.640 17.8151 8.7472 with
221.776 528.640 34.4208 8.7472 different
258.626 528.640 35.8624 8.7472 reagents,
296.836 528.640 37.8549 8.7472 including
337.035 528.660 48.4601 8.7671 N-octadecyl

53.8552 540.602 42.2882 8.7472 isocyanate
98.3014 540.602 14.4159 8.7472 and
114.855 540.602 24.4442 8.7472 others
141.387 540.602 15.0336 8.7472 that
158.621 540.602 26.1219 8.7472 enable
186.911 540.602 50.0680 8.7472 combination
239.181 540.602 17.7334 8.7472 with
259.080 540.602 36.0845 8.7472 synthetic
297.348 540.602 37.2272 8.7472 polymers
336.692 540.602 14.4159 8.7472 and
353.246 540.602 32.2320 8.7472 produce

53.8552 552.564 37.7294 8.7472 precursor
94.5604 552.564 36.6923 8.7472 materials
134.301 552.564 11.6164 8.7472 for
148.871 552.564 16.0796 8.7472 ﬁlm
167.920 552.564 28.3954 8.7472 casting
199.271 552.564 19.0744 8.7472 [82].
221.324 552.564 33.8938 8.7472 Charged
258.174 552.564 29.5690 8.7472 groups,
290.715 552.564 31.8275 8.7472 reactive
325.466 552.564 20.5429 8.7472 vinyl
348.994 552.564 36.4830 8.7472 moieties,

53.8552 564.526 14.4159 8.7472 and
72.3368 564.526 33.2950 8.7472 polymer
109.753 564.526 25.5043 8.7472 chains
139.346 564.526 13.8879 8.7472 can
157.317 564.526 9.4346 8.7472 be
170.810 564.526 33.9027 8.7472 installed
208.850 564.526 9.9626 8.7472 on
222.853 564.526 12.2341 8.7472 the
239.124 564.526 28.8118 8.7472 surface
272.063 564.526 8.2988 8.7472 of
284.421 564.526 20.9513 8.7472 MFC
309.422 564.526 12.2341 8.7472 via
325.750 564.526 37.9406 8.7472 treatment
367.702 564.526 17.7334 8.7472 with

53.8552 576.488 26.7396 8.7472 maleic
83.7888 576.488 42.5034 8.7472 anhydride,
129.425 576.488 32.7770 8.7472 glycidyl
165.368 576.488 54.3211 8.7472 methacrylate,
222.853 576.488 14.4159 8.7472 and
240.428 576.488 32.7570 8.7472 succinic
276.371 576.488 40.0128 8.7472 anhydride
319.513 576.488 19.0774 8.7472 [83].
341.740 576.488 43.6760 8.7472 Hydropho-

53.8552 588.450 32.2489 8.7472 bization
88.9475 588.450 12.2341 8.7472 via
103.971 588.450 46.5433 8.7472 acetylation,
153.349 588.450 48.7360 8.7472 silanization,
204.882 588.450 14.4159 8.7472 and
222.059 588.450 80.1222 8.7472 carboxymethylation
305.000 588.450 8.2889 8.7472 as
316.055 588.450 17.2054 8.7472 well
336.124 588.450 8.2889 8.7472 as
347.180 588.450 27.2437 8.7472 corona
377.170 588.450 8.2988 8.7472 or

53.8582 36.9709 34.4571 7.4351 Cellulose:
90.7084 36.9709 31.1122 7.4351 Structure
124.213 36.9709 12.2535 7.4351 and
138.897 36.9709 34.3724 7.4351 Properties

377.064 36.9709 8.4682 7.4351 17

53.8582 317.405 28.3037 8.7472 plasma
84.9256 317.405 37.9256 8.7472 treatment
125.630 317.405 13.8879 8.7472 can
142.241 317.405 9.4346 8.7472 be
154.430 317.405 18.2515 8.7472 used
175.463 317.405 7.7808 8.7472 to
185.951 317.405 21.6687 8.7472 adapt
210.385 317.405 62.3848 8.7472 microﬁbrillated
275.468 317.405 35.6422 8.7472 cellulose
313.848 317.405 11.6164 8.7472 for
328.191 317.405 22.2724 8.7472 given
353.192 317.405 32.2390 8.7472 applica-

53.8582 329.367 19.3972 8.7472 tions
76.0818 329.367 34.0970 8.7472 [84–88],
112.988 329.367 37.8629 8.7472 including
153.636 329.367 47.2855 8.7472 oil-in-water
203.695 329.367 40.5239 8.7472 emulsions
247.064 329.367 14.4159 8.7472 and
264.299 329.367 26.9349 8.7472 others.

53.8582 377.785 5.9776 10.6879 5
71.7729 377.785 55.1070 10.6879 Bottom-up
130.223 377.785 60.9710 10.6879 Approaches
194.627 377.785 9.9586 10.6879 to
207.949 377.785 78.8798 10.6879 Nanostructures
290.269 377.785 9.9586 10.6879 of
303.591 377.785 46.5292 10.6879 Cellulose

53.8582 403.551 14.9439 10.5683 5.1
80.7871 403.551 79.0232 10.5683 Electrospinning
163.219 403.551 9.9586 10.5683 of
176.542 403.551 45.9076 10.5683 Cellulose
225.865 403.551 18.5543 10.5683 and
247.805 403.551 45.9076 10.5683 Cellulose
297.128 403.551 55.2206 10.5683 Derivatives

53.8582 433.002 15.5516 8.7472 The
73.8143 433.002 61.7362 8.7472 electrospinning
139.917 433.002 38.9707 8.7472 technique
183.229 433.002 6.6351 8.7472 is
194.228 433.002 27.2617 8.7472 widely
225.805 433.002 18.2515 8.7472 used
248.482 433.002 11.6164 8.7472 for
264.412 433.002 12.2341 8.7472 the
281.023 433.002 43.3224 8.7472 production
328.758 433.002 8.2988 8.7472 of
341.400 433.002 44.0556 8.7472 nanoﬁbers,

53.8582 444.964 24.3685 8.7472 which
81.5243 444.964 23.2328 8.7472 opens
107.999 444.964 4.4533 8.7472 a
115.710 444.964 20.5329 8.7472 route
139.463 444.964 11.6164 8.7472 for
154.317 444.964 43.3224 8.7472 production
200.918 444.964 8.2988 8.7472 of
212.426 444.964 36.7919 8.7472 materials
252.451 444.964 17.7334 8.7472 with
273.427 444.964 17.8081 8.7472 high
294.461 444.964 35.0285 8.7472 effective
332.785 444.964 28.8935 8.7472 surface
364.929 444.964 20.5130 8.7472 areas

53.8582 456.926 19.1302 8.7472 [89].
75.4571 456.926 43.7358 8.7472 Nanoﬁbers
121.717 456.926 13.8879 8.7472 can
138.157 456.926 9.4346 8.7472 be
150.063 456.926 37.2133 8.7472 produced
189.803 456.926 19.3972 8.7472 from
211.743 456.926 34.4208 8.7472 different
248.706 456.926 37.2272 8.7472 polymers
288.447 456.926 14.4159 8.7472 and
305.342 456.926 18.8692 8.7472 have
326.771 456.926 48.4232 8.7472 applications
377.680 456.926 7.7808 8.7472 in

53.8572 468.831 29.3498 8.7472 various
86.0583 468.831 24.0597 8.7472 ﬁelds,
112.930 468.831 29.5252 8.7472 namely
145.245 468.831 52.0636 8.7472 biomedicine,
200.123 468.831 47.4808 8.7472 composites,
250.409 468.831 25.1954 8.7472 ﬁlters,
278.415 468.831 36.9911 8.7472 catalysts,
318.212 468.831 14.4159 8.7472 and
335.447 468.831 29.0071 8.7472 textiles
367.194 468.831 18.3063 8.7472 [90–

53.8572 480.793 15.7857 8.7472 92].
72.9057 480.793 43.7468 8.7472 Nanoﬁbers
119.903 480.793 32.2390 8.7472 regulate
155.448 480.793 22.1767 8.7472 water
180.960 480.793 22.7147 8.7472 vapor
206.924 480.793 14.4159 8.7472 and
224.612 480.793 19.9152 8.7472 wind
247.799 480.793 50.6967 8.7472 permeability
301.769 480.793 14.4159 8.7472 and
319.457 480.793 13.8879 8.7472 can
336.634 480.793 33.3657 8.7472 improve
373.257 480.793 12.2341 8.7472 the

53.8572 492.755 30.6669 8.7472 thermal
87.1921 492.755 34.5174 8.7472 isolation
124.381 492.755 8.2988 8.7472 of
135.323 492.755 31.4938 8.7472 textiles.
169.509 492.755 41.8917 8.7472 Moreover,
214.068 492.755 17.2154 8.7472 they
233.968 492.755 13.8879 8.7472 can
250.521 492.755 29.8380 8.7472 possess
283.007 492.755 27.8883 8.7472 special
313.563 492.755 40.0018 8.7472 properties
356.253 492.755 18.2515 8.7472 such
377.172 492.755 8.2889 8.7472 as

53.8572 504.717 69.1514 8.7472 aerosol-ﬁltration,
126.876 504.717 30.5055 8.7472 binding
161.174 504.717 8.2988 8.7472 of
173.250 504.717 36.2788 8.7472 chemical
213.274 504.717 14.4159 8.7472 and
231.473 504.717 40.1084 8.7472 biological
275.352 504.717 55.9529 8.7472 contaminants,
335.049 504.717 8.2988 8.7472 or
347.125 504.717 38.3480 8.7472 improved

53.8572 516.679 39.5027 8.7472 surfactant
97.6229 516.679 27.8674 8.7472 release
129.711 516.679 19.1312 8.7472 [93].
153.125 516.679 13.2702 8.7472 Air
170.643 516.679 33.9884 8.7472 cleaning
208.911 516.679 8.2988 8.7472 of
221.496 516.679 54.0043 8.7472 contaminated
279.832 516.679 54.4615 8.7472 environments
338.509 516.679 6.6351 8.7472 is
349.451 516.679 4.4533 8.7472 a
358.181 516.679 27.2676 8.7472 typical

53.8572 528.641 33.9894 8.7472 example
90.6501 528.641 8.2988 8.7472 of
101.761 528.641 18.3511 8.7472 their
122.963 528.641 44.4830 8.7472 application
170.357 528.641 19.0764 8.7472 [94].

65.8183 540.604 37.8250 8.7472 Cellulose
108.450 540.604 37.7244 8.7472 dissolved
150.969 540.604 7.7808 8.7472 in
163.612 540.604 46.8800 8.7472 DMA/LiCl,
215.260 540.623 119.589 8.7671 N-methylmorpholine-N-oxide
339.644 540.604 45.8469 8.7472 (NMMNO)

53.8572 552.566 19.1302 8.7472 [95],
76.1366 552.566 20.0149 8.7472 ionic
99.3235 552.566 27.2497 8.7472 liquids
129.710 552.566 20.2241 8.7472 (e.g.,
153.124 552.566 40.4183 8.7472 BMIMCl)
196.720 552.566 19.0754 8.7472 [96],
218.945 552.566 8.2988 8.7472 or
230.454 552.566 29.3598 8.7472 sodium
262.995 552.566 85.6016 8.7472 hydroxide/water/urea
351.774 552.566 16.6415 8.7472 [97]
371.561 552.566 13.8879 8.7472 can

53.8562 564.471 9.4346 8.7472 be
66.1022 564.471 43.3134 8.7472 transferred
112.250 564.471 7.7808 8.7472 to
122.851 564.471 41.5650 8.7472 nanoﬁbers
167.240 564.471 8.2988 8.7472 of
178.351 564.471 34.4208 8.7472 different
215.654 564.471 48.8456 8.7472 morphology
267.300 564.471 9.9626 8.7472 by
280.057 564.471 64.2697 8.7472 electrospinning.

65.8183 576.433 37.7343 8.7472 Although
108.564 576.433 61.6884 8.7472 electrospinning
175.348 576.433 8.2988 8.7472 of
188.671 576.433 63.9569 8.7472 polyelectrolytes
257.721 576.433 19.3972 8.7472 from
282.156 576.433 32.7481 8.7472 aqueous
319.969 576.433 35.9949 8.7472 solutions
361.014 576.433 6.6351 8.7472 is
372.692 576.433 12.7621 8.7472 not

53.8562 588.395 41.0589 8.7472 successful
99.8336 588.395 7.7808 8.7472 in
112.532 588.395 12.2341 8.7472 the
129.653 588.395 33.9944 8.7472 majority
168.544 588.395 8.2988 8.7472 of
181.754 588.395 23.6173 8.7472 cases,
210.270 588.395 54.4297 8.7472 water-soluble
269.627 588.395 14.4159 8.7472 and
289.016 588.395 36.7022 8.7472 bioactive
330.685 588.395 41.5650 8.7472 nanoﬁbers
377.172 588.395 8.2988 8.7472 of

53.8582 249.898 13.9302 7.5706 Fig.
71.6033 249.898 8.4682 7.5706 14
86.0594 249.966 9.8494 7.4351 (a)
99.7220 249.966 31.1884 7.4351 Selective
134.758 249.966 30.1468 7.4351 adhesion
168.717 249.966 33.0514 7.4351 technique
205.567 249.966 18.3421 7.4351 using
227.734 249.966 46.7191 7.4351 poly(ethylene
278.305 249.966 22.2121 7.4351 imine)
304.327 249.966 18.8629 7.4351 (PEI)
327.003 249.966 12.2535 7.4351 and
343.047 249.966 42.4003 7.4351 poly(styrene

53.8573 259.944 33.9321 7.4351 sulfonate)
90.5374 259.944 19.3177 7.4351 (PSS)
112.534 259.944 6.6137 7.4351 to
121.831 259.944 23.6178 7.4351 pattern
148.193 259.944 52.8839 7.4351 microﬁbrillated
203.809 259.944 30.2230 7.4351 cellulose
236.805 259.944 25.6298 7.4351 (MFC).
265.151 259.944 10.3033 7.4351 (b)
278.191 259.944 25.4723 7.4351 Lift-off
306.367 259.944 35.1684 7.4351 technique,
344.237 259.944 20.7047 7.4351 where
367.709 259.944 17.8086 7.4351 MFC

53.8573 269.922 5.6398 7.4351 is
61.9648 269.922 28.3769 7.4351 partially
92.8627 269.922 29.7064 7.4351 removed
125.064 269.922 8.4682 7.4351 by
136.006 269.922 3.7853 7.4351 a
142.299 269.922 45.6690 7.4351 PEI-modiﬁed
190.488 269.922 22.3899 7.4351 stamp.
215.376 269.922 50.4874 7.4351 Representative
268.384 269.922 23.1775 7.4351 atomic
294.067 269.922 17.4445 7.4351 force
314.023 269.922 42.4003 7.4351 micrographs
358.924 269.922 10.3905 7.4351 are
371.850 269.922 13.6592 7.4351 also

53.8573 279.900 29.2661 7.4351 included
85.0381 279.900 40.9861 7.4351 (reproduced
127.954 279.900 16.4876 7.4351 from
146.323 279.900 25.4639 7.4351 Werner
173.706 279.900 6.1648 7.4351 et
181.756 279.900 8.2819 7.4351 al.
191.961 279.900 16.2175 7.4351 [81],
210.102 279.900 32.5348 7.4351 copyright
244.515 279.900 16.9364 7.4351 2008
263.337 279.900 15.0734 7.4351 with
280.345 279.900 37.2008 7.4351 permission
319.463 279.900 16.4876 7.4351 from
337.831 279.900 20.2729 7.4351 Royal
359.998 279.900 25.4723 7.4351 Society

53.8565 289.821 7.0540 7.4351 of
63.2672 289.821 38.1662 7.4351 Chemistry)

53.8565 36.8587 8.4682 7.4351 18

351.720 36.8587 7.3165 7.4351 T.
361.414 36.8587 24.0497 7.4351 Heinze

53.8582 297.165 24.9962 8.7472 amino
84.1883 297.165 35.5565 8.7472 cellulose
125.119 297.165 13.8879 8.7472 can
144.281 297.165 9.4346 8.7472 be
159.021 297.165 34.9388 8.7472 prepared
199.329 297.165 21.5790 8.7472 using
226.201 297.165 31.7070 8.7472 blended
263.164 297.165 36.0646 8.7472 solutions
304.550 297.165 8.2988 8.7472 of
318.099 297.165 4.4533 8.7472 a
327.850 297.165 27.2676 8.7472 typical
360.448 297.165 24.9962 8.7472 amino

53.8582 309.127 38.1498 8.7472 cellulose,
95.2428 309.127 130.649 8.7472 6-deoxy-6-trisaminoethyl-amino
229.206 309.127 32.2250 8.7472 (TEAE)
264.696 309.127 38.1617 8.7472 cellulose,
306.138 309.127 14.4159 8.7472 and
323.825 309.127 38.3520 8.7472 polyvinyl
365.438 309.127 20.0049 8.7472 alco-

53.8582 321.033 12.7621 8.7472 hol
69.9588 321.033 29.0051 8.7472 (PVA),
102.273 321.033 8.2889 8.7472 as
113.895 321.033 26.0143 8.7472 shown
143.205 321.033 7.7808 8.7472 in
154.317 321.033 15.7708 8.7472 Fig.
173.480 321.033 12.4682 8.7472 15.
189.240 321.033 15.6214 8.7472 The
208.174 321.033 41.5650 8.7472 nanoﬁbers
253.074 321.033 20.9513 8.7472 show
277.395 321.033 17.7434 8.7472 high
298.484 321.033 53.4892 8.7472 antimicrobial
355.347 321.033 30.1528 8.7472 activity

53.8582 332.995 28.3037 8.7472 against
85.0391 333.015 62.2852 8.7671 Staphylococcus
150.121 333.015 27.0684 8.7671 aureus
180.056 332.995 14.4159 8.7472 and
197.290 333.015 40.6404 8.7671 Klebsiella
240.716 333.015 48.8416 8.7671 pneumoniae
292.364 332.995 19.1302 8.7472 [98].

53.8582 379.683 14.9439 10.5683 5.2
80.7871 379.683 64.2108 10.5683 Nanospheres

53.8582 409.134 46.6459 8.7472 Nanoscaled
104.994 409.134 33.9575 8.7472 particles
143.488 409.134 13.8879 8.7472 can
161.913 409.134 9.4346 8.7472 be
175.860 409.134 34.5174 8.7472 obtained
214.863 409.134 19.3972 8.7472 from
238.788 409.134 34.4208 8.7472 different
277.792 409.134 35.5565 8.7472 cellulose
317.930 409.134 25.1855 8.7472 esters,
347.637 409.134 37.8549 8.7472 including

53.8582 421.096 55.1400 8.7472 commercially
112.080 421.096 36.1742 8.7472 available
151.311 421.096 35.6422 8.7472 cellulose
189.975 421.096 34.1916 8.7472 acetates,
227.278 421.096 35.5565 8.7472 cellulose
265.942 421.096 27.8654 8.7472 acetate
296.895 421.096 45.2202 8.7472 propionate,
345.197 421.096 14.4159 8.7472 and
362.602 421.096 22.8901 8.7472 cellu-

53.8582 433.001 16.0697 8.7472 lose
72.3966 433.001 27.8654 8.7472 acetate
102.783 433.001 35.2576 8.7472 butyrate,
140.540 433.001 14.4159 8.7472 and
157.378 433.001 16.0697 8.7472 also
175.917 433.001 19.3972 8.7472 from
197.743 433.001 21.1207 8.7472 some
221.270 433.001 60.0117 8.7472 organo-soluble
283.689 433.001 35.5565 8.7472 cellulose
321.729 433.001 26.4248 8.7472 ethers.
350.586 433.001 34.8492 8.7472 Methods

53.8582 444.963 42.8163 8.7472 commonly
99.2687 444.963 18.2515 8.7472 used
120.074 444.963 12.2241 8.7472 are
134.927 444.963 56.7201 8.7472 emulsiﬁcation
194.228 444.963 28.9015 8.7472 solvent
225.692 444.963 47.2875 8.7472 evaporation
275.524 444.963 14.4159 8.7472 and
292.532 444.963 12.2341 8.7472 the
307.385 444.963 45.5161 8.7472 low-energy
355.460 444.963 29.9775 8.7472 method

53.8582 456.925 8.2988 8.7472 of
65.8203 456.925 28.8318 8.7472 solvent
98.3611 456.925 52.8705 8.7472 displacement
154.882 456.925 9.9626 8.7472 by
168.545 456.925 32.9762 8.7472 dialysis,
205.225 456.925 34.9588 8.7472 inducing
243.888 456.925 70.1905 8.7472 nanoprecipitation
317.701 456.925 19.1352 8.7472 [99].
340.496 456.925 44.9921 8.7472 Comparing

53.8582 468.887 12.2341 8.7472 the
68.4853 468.887 36.3037 8.7472 methods,
107.205 468.887 4.4533 8.7472 a
114.009 468.887 20.0049 8.7472 large
136.402 468.887 29.9775 8.7472 amount
168.773 468.887 8.2988 8.7472 of
179.431 468.887 21.6687 8.7472 small
203.469 468.887 14.4159 8.7472 and
220.250 468.887 32.2370 8.7472 uniform
254.832 468.887 53.3706 8.7472 nanoparticles
310.617 468.887 13.8879 8.7472 can
326.888 468.887 9.4346 8.7472 be
338.680 468.887 34.5174 8.7472 obtained
375.529 468.887 9.9626 8.7472 by

53.8582 480.849 12.2341 8.7472 the
70.2985 480.849 56.7898 8.7472 emulsiﬁcation
131.241 480.849 28.9015 8.7472 solvent
164.349 480.849 47.2835 8.7472 evaporation
215.825 480.849 42.5044 8.7472 procedure,
262.539 480.849 32.7271 8.7472 whereas
299.503 480.849 28.8318 8.7472 solvent
332.555 480.849 52.9393 8.7472 displacement

53.8582 492.812 23.8505 8.7472 yields
82.5445 492.812 36.0706 8.7472 narrowly
123.363 492.812 42.8262 8.7472 distributed
170.927 492.812 36.4830 8.7472 particles.
212.199 492.812 30.6669 8.7472 Typical
247.632 492.812 33.9954 8.7472 particles
286.353 492.812 34.5065 8.7472 obtained
325.640 492.812 19.3972 8.7472 from
349.849 492.812 35.5565 8.7472 cellulose

53.8582 504.774 27.9810 8.7472 acetate
84.1893 504.774 12.2241 8.7472 are
98.8164 504.774 26.0143 8.7472 shown
127.219 504.774 7.7808 8.7472 in
137.367 504.774 15.7708 8.7472 Fig.
155.508 504.774 9.9626 8.7472 16
167.867 504.774 24.1195 8.7472 [100].
194.341 504.774 32.7431 8.7472 Dialysis
229.490 504.774 6.6351 8.7472 is
238.505 504.774 17.7235 8.7472 easy
258.630 504.774 7.7808 8.7472 to
268.835 504.774 13.2702 8.7472 use
284.482 504.774 14.4159 8.7472 and
301.320 504.774 36.1662 8.7472 therefore
339.871 504.774 45.5948 8.7472 appropriate

53.8582 516.736 11.6164 8.7472 for
68.3717 516.736 64.5686 8.7472 laboratory-scale
135.892 516.736 30.1767 8.7472 studies.
169.000 516.736 41.8808 8.7472 Moreover,
213.843 516.736 17.7334 8.7472 very
234.479 516.736 17.7334 8.7472 pure
255.171 516.736 47.5814 8.7472 suspensions
305.683 516.736 8.2988 8.7472 of
316.908 516.736 12.2341 8.7472 the
332.045 516.736 53.3716 8.7472 nanoparticles

53.8582 528.641 13.8879 8.7472 can
70.5824 528.641 9.4346 8.7472 be
82.8284 528.641 36.9971 8.7472 obtained.

65.8203 540.603 6.1170 8.7472 It
77.1587 540.603 6.6351 8.7472 is
89.0640 540.603 38.8940 8.7472 important
133.284 540.603 7.7808 8.7472 to
146.323 540.603 20.5429 8.7472 point
172.118 540.603 12.8268 8.7472 out
190.146 540.603 15.0336 8.7472 that
210.499 540.603 18.8692 8.7472 even
234.650 540.603 36.1652 8.7472 spherical
276.035 540.603 53.3706 8.7472 nanoparticles
334.710 540.603 8.2988 8.7472 of
348.260 540.603 37.2312 8.7472 polymers

53.8582 552.565 42.2982 8.7472 containing
98.7009 552.565 46.1288 8.7472 hydrophilic
147.455 552.565 33.9954 8.7472 moieties
183.964 552.565 18.2515 8.7472 such
204.827 552.565 8.2889 8.7472 as
215.712 552.565 169.774 8.7472 6-deoxy-6-(ω-aminoalkyl)aminocellulose-

53.8592 564.527 45.0778 8.7472 carbamates
102.160 564.527 13.8879 8.7472 can
119.281 564.527 9.4346 8.7472 be
131.924 564.527 37.5231 8.7472 prepared.
172.686 564.527 19.9152 8.7472 Such
195.816 564.527 53.3706 8.7472 nanoparticles
252.451 564.527 12.2241 8.7472 are
267.928 564.527 8.2988 8.7472 of
279.437 564.527 38.4666 8.7472 particular
321.049 564.527 29.5172 8.7472 interest
353.817 564.527 31.6113 8.7472 because

53.8592 576.489 17.2154 8.7472 they
75.3455 576.489 29.8300 8.7472 possess
109.474 576.489 31.6313 8.7472 primary
145.417 576.489 24.9962 8.7472 amino
174.727 576.489 27.0783 8.7472 groups
206.134 576.489 15.0336 8.7472 that
225.467 576.489 13.8879 8.7472 can
243.665 576.489 9.4346 8.7472 be
257.328 576.489 20.6106 8.7472 more
282.215 576.489 23.3224 8.7472 easily
309.825 576.489 35.5695 8.7472 modiﬁed
349.622 576.489 17.2154 8.7472 than
371.166 576.489 14.3063 8.7472 OH

53.8592 588.452 36.4860 8.7472 moieties.
93.6568 588.452 22.4059 8.7472 Thus,
119.395 588.452 32.3635 8.7472 labeling
155.054 588.452 17.7334 8.7472 with
176.087 588.452 42.8053 8.7472 rhodamine
222.235 588.452 6.6351 8.7472 B
232.212 588.452 57.8458 8.7472 isothiocyanate
293.383 588.452 6.6351 8.7472 is
303.360 588.452 26.6500 8.7472 simple
333.351 588.452 14.4159 8.7472 and
351.095 588.452 18.3232 8.7472 does
372.695 588.452 12.7621 8.7472 not

53.8582 263.277 13.9302 7.5706 Fig.
70.0155 263.277 8.4682 7.5706 15
84.4724 263.345 31.5610 7.4351 Scanning
118.204 263.345 27.4031 7.4351 electron
147.855 263.345 42.4003 7.4351 micrographs
192.529 263.345 7.0540 7.4351 of
201.770 263.345 10.3989 7.4351 the
214.356 263.345 32.0013 7.4351 nanoﬁber
248.598 263.345 17.3598 7.4351 webs
268.157 263.345 7.0540 7.4351 of
277.455 263.345 107.995 7.4351 6-deoxy-6-trisaminoethylamino

53.8582 273.266 65.1459 7.4351 cellulose/polyvinyl
121.039 273.266 25.0320 7.4351 alcohol
148.082 273.266 6.6137 7.4351 in
156.642 273.266 10.3989 7.4351 the
169.058 273.266 15.5984 7.4351 ratio
186.633 273.266 15.0819 7.4351 1:15
203.697 273.266 23.5475 7.4351 (E-mat
229.266 273.283 7.0718 7.4520 1)
238.280 273.266 12.2535 7.4351 and
252.567 273.266 21.6786 7.4351 TEAE
276.207 273.266 49.4373 7.4351 cellulose/PVA
327.685 273.266 6.1648 7.4351 at
335.849 273.266 15.0819 7.4351 1:18
352.913 273.266 23.5475 7.4351 (E-mat
378.481 273.283 7.0150 7.4520 2)

53.8582 36.9711 34.4571 7.4351 Cellulose:
90.7084 36.9711 31.1122 7.4351 Structure
124.213 36.9711 12.2535 7.4351 and
138.897 36.9711 34.3724 7.4351 Properties

377.064 36.9711 8.4682 7.4351 19

53.8582 375.231 28.3037 8.7472 change
86.7398 375.231 12.2341 8.7472 the
103.464 375.231 18.1120 8.7472 size,
126.084 375.231 34.7396 8.7472 stability,
165.371 375.231 8.2988 8.7472 or
178.184 375.231 22.7048 8.7472 shape
205.453 375.231 8.2988 8.7472 of
218.266 375.231 12.2341 8.7472 the
234.990 375.231 55.8613 8.7472 nanoparticles.
295.423 375.231 54.4267 8.7472 Incorporation
354.383 375.231 8.2988 8.7472 of
367.195 375.231 18.2515 8.7472 such

53.8582 387.137 53.3716 8.7472 nanoparticles
112.364 387.137 15.5616 8.7472 into
133.000 387.137 27.1780 8.7472 human
165.258 387.137 32.7600 8.7472 foreskin
203.071 387.137 41.4843 8.7472 ﬁbroblasts
249.672 387.137 40.5179 8.7472 BJ-1-htert
295.253 387.137 14.4159 8.7472 and
314.754 387.137 23.8405 8.7472 breast
343.724 387.137 41.7702 8.7472 carcinoma

53.8582 399.099 29.2502 8.7472 MCF-7
90.9918 399.099 18.3411 8.7472 cells
117.240 399.099 22.1967 8.7472 could
147.287 399.099 9.4346 8.7472 be
164.578 399.099 48.8397 8.7472 successfully
221.270 399.099 27.7757 8.7472 carried
256.929 399.099 12.7621 8.7472 out
277.565 399.099 30.4955 8.7472 without
315.946 399.099 14.4159 8.7472 any
338.169 399.099 47.2606 8.7472 transfection

53.8582 411.061 29.4395 8.7472 reagent
86.1729 411.061 24.1204 8.7472 [101].

65.8203 423.023 37.7343 8.7472 Although
106.241 423.023 9.4346 8.7472 an
118.317 423.023 60.0117 8.7472 organo-soluble
180.962 423.023 35.6422 8.7472 cellulose
219.286 423.023 40.1154 8.7472 derivative
262.088 423.023 19.4669 8.7472 must
284.198 423.023 9.4346 8.7472 be
296.330 423.023 18.2515 8.7472 used
317.307 423.023 11.6164 8.7472 for
331.593 423.023 12.2341 8.7472 the
346.503 423.023 38.9777 8.7472 technique

53.8582 434.985 8.2988 8.7472 of
66.6143 434.985 72.6812 8.7472 nanoprecipitation,
143.771 434.985 18.8692 8.7472 even
167.129 434.985 17.7334 8.7472 pure
189.352 434.985 35.6422 8.7472 cellulose
229.490 434.985 53.3716 8.7472 nanoparticles
287.373 434.985 13.8879 8.7472 can
305.798 434.985 9.4346 8.7472 be
319.688 434.985 37.5261 8.7472 prepared.
361.696 434.985 23.7508 8.7472 Using

53.8582 446.947 54.0152 8.7472 trimethylsilyl
111.003 446.947 35.6422 8.7472 cellulose
149.781 446.947 36.2788 8.7472 (TMSC),
189.182 446.947 12.2341 8.7472 the
204.545 446.947 39.4987 8.7472 formation
247.120 446.947 8.2988 8.7472 of
258.515 446.947 53.3547 8.7472 nanoparticles
315.095 446.947 9.9626 8.7472 by
328.134 446.947 30.5941 8.7472 dialysis
361.809 446.947 8.2988 8.7472 of
373.261 446.947 12.2341 8.7472 the

53.8582 458.909 30.0432 8.7472 organic
87.7041 458.909 28.8318 8.7472 solvent
120.415 458.909 28.3037 8.7472 against
152.616 458.909 22.1767 8.7472 water
178.637 458.909 6.6351 8.7472 is
189.069 458.909 52.9064 8.7472 accompanied
245.818 458.909 9.9626 8.7472 by
259.594 458.909 36.7889 8.7472 complete
300.186 458.909 32.7670 8.7472 removal
336.865 458.909 8.2988 8.7472 of
348.941 458.909 12.2341 8.7472 the
365.042 458.909 20.4333 8.7472 TMS

53.8582 470.871 39.7030 8.7472 functions.
95.8675 470.871 34.8392 8.7472 Analysis
133.057 470.871 8.2988 8.7472 of
143.602 470.871 30.1528 8.7472 particle
176.030 470.871 15.6214 8.7472 size
193.888 470.871 46.1677 8.7472 distribution
242.360 470.871 24.7869 8.7472 shows
269.459 470.871 15.0336 8.7472 that
286.807 470.871 35.5565 8.7472 cellulose
324.734 470.871 33.9954 8.7472 particles
361.017 470.871 17.7334 8.7472 with
381.029 470.871 4.4533 8.7472 a

53.8582 482.777 15.5417 8.7472 size
71.6026 482.777 8.2988 8.7472 of
82.0902 482.777 29.8878 8.7472 80–260
114.177 482.777 12.7621 8.7472 nm
129.144 482.777 12.2241 8.7472 are
143.544 482.777 40.6195 8.7472 accessible
186.346 482.777 7.7808 8.7472 in
196.324 482.777 14.4159 8.7472 this
212.935 482.777 26.6500 8.7472 simple
241.791 482.777 30.0432 8.7472 manner
273.992 482.777 24.1224 8.7472 [102].
300.301 482.777 35.3672 8.7472 Aqueous
337.887 482.777 47.5814 8.7472 suspensions

53.8572 494.739 8.2988 8.7472 of
67.4063 494.739 12.2341 8.7472 the
84.8678 494.739 20.2241 8.7472 pure,
110.322 494.739 36.1622 8.7472 spherical
151.707 494.739 35.6631 8.7472 cellulose
192.582 494.739 53.3706 8.7472 nanoparticles
251.258 494.739 12.2241 8.7472 are
268.719 494.739 31.6213 8.7472 storable
305.626 494.739 11.6164 8.7472 for
322.463 494.739 28.3984 8.7472 several
356.081 494.739 29.3598 8.7472 months

53.8572 506.701 30.5712 8.7472 without
87.3056 506.701 14.4159 8.7472 any
104.596 506.701 40.3246 8.7472 demixing.
147.796 506.701 36.1543 8.7472 Covalent
186.856 506.701 32.3426 8.7472 labeling
222.062 506.701 8.2988 8.7472 of
233.230 506.701 12.2341 8.7472 the
248.368 506.701 35.6422 8.7472 cellulose
286.918 506.701 53.3706 8.7472 nanoparticles
343.212 506.701 17.7334 8.7472 with
363.848 506.701 21.6587 8.7472 FITC

53.8572 518.663 13.2702 8.7472 has
69.3909 518.663 9.9626 8.7472 no
81.6369 518.663 36.6026 8.7472 inﬂuence
120.584 518.663 9.9626 8.7472 on
132.773 518.663 30.1568 8.7472 particle
165.145 518.663 18.1120 8.7472 size,
185.498 518.663 25.2811 8.7472 shape,
212.993 518.663 14.4159 8.7472 and
229.718 518.663 34.7396 8.7472 stability.
266.738 518.663 15.6214 8.7472 The
284.596 518.663 33.9924 8.7472 particles
320.823 518.663 13.8879 8.7472 can
336.980 518.663 9.4346 8.7472 be
348.715 518.663 36.6923 8.7472 sterilized

53.8572 530.625 14.4159 8.7472 and
71.6584 530.625 41.4843 8.7472 suspended
116.558 530.625 7.7808 8.7472 in
127.670 530.625 40.0945 8.7472 biological
171.153 530.625 24.5439 8.7472 media
199.046 530.625 30.5782 8.7472 without
232.947 530.625 37.8350 8.7472 structural
274.106 530.625 34.7286 8.7472 changes.
312.203 530.625 10.9887 8.7472 As
326.546 530.625 13.8879 8.7472 can
343.780 530.625 9.4346 8.7472 be
356.593 530.625 17.7235 8.7472 seen
377.683 530.625 7.7808 8.7472 in

53.8572 542.587 15.7708 8.7472 Fig.
74.4937 542.587 12.4682 8.7472 17,
91.7848 542.587 53.9375 8.7472 FITC-labeled
150.517 542.587 35.6422 8.7472 cellulose
190.995 542.587 53.3706 8.7472 nanoparticles
249.274 542.587 13.8879 8.7472 can
268.040 542.587 36.6923 8.7472 penetrate
309.651 542.587 15.5616 8.7472 into
330.061 542.587 23.3424 8.7472 living
358.237 542.587 27.2617 8.7472 human

53.8572 554.549 41.5689 8.7472 ﬁbroblasts
97.7933 554.549 9.9626 8.7472 by
110.151 554.549 47.1649 8.7472 endocytosis
159.700 554.549 30.5712 8.7472 without
192.639 554.549 47.2586 8.7472 transfection
242.301 554.549 33.3717 8.7472 reagents
278.017 554.549 8.2988 8.7472 or
288.732 554.549 44.0636 8.7472 attachment
335.163 554.549 8.2988 8.7472 of
345.821 554.549 4.4533 8.7472 a
352.624 554.549 32.8606 8.7472 receptor

53.8572 566.511 39.2795 8.7472 molecule,
95.9223 566.511 8.2889 8.7472 as
107.033 566.511 26.0143 8.7472 shown
135.833 566.511 9.9626 8.7472 by
148.589 566.511 25.5979 8.7472 means
176.992 566.511 8.2988 8.7472 of
188.104 566.511 34.4208 8.7472 confocal
225.407 566.511 18.8592 8.7472 laser
247.120 566.511 35.4669 8.7472 scanning
285.444 566.511 46.6469 8.7472 microscopy
334.937 566.511 24.1225 8.7472 [103].

53.8582 321.671 13.9302 7.5706 Fig.
73.5874 321.671 8.4682 7.5706 16
88.0443 321.739 50.4197 7.4351 Field-emission
144.340 321.739 30.1468 7.4351 scanning
180.284 321.739 27.4031 7.4351 electron
213.563 321.739 42.4003 7.4351 micrographs
261.809 321.739 7.0540 7.4351 of
274.678 321.739 45.2964 7.4351 nanoparticles
325.815 321.739 29.6980 7.4351 prepared
361.361 321.739 8.4682 7.4351 by
375.591 321.739 9.9053 7.4351 (a)

53.8582 331.717 92.4643 7.4351 emulsiﬁcation–evaporation
149.443 331.717 7.0540 7.4351 of
159.534 331.717 30.2230 7.4351 cellulose
192.813 331.717 31.2646 7.4351 triacetate
227.113 331.717 22.5593 7.4351 (CTA)
252.739 331.717 15.5222 7.4351 (150
271.277 331.717 10.1364 7.4351 W,
284.430 331.717 8.4682 7.4351 10
295.938 331.717 5.3773 7.4351 s,
304.328 331.717 11.8047 7.4351 cW
319.182 331.717 8.4682 7.4351 25
330.690 331.717 29.9774 7.4351 mg/mL),
363.685 331.717 10.3016 7.4351 (b)
377.064 331.717 8.4682 7.4351 by

53.8582 341.638 25.9127 7.4351 dialysis
82.4316 341.638 7.0540 7.4351 of
92.1260 341.638 16.9195 7.4351 CTA
111.741 341.638 14.6246 7.4351 (cW
129.032 341.638 4.2341 7.4351 4
135.893 341.638 29.9774 7.4351 mg/mL),
168.548 341.638 12.2535 7.4351 and
183.458 341.638 9.4522 7.4351 (c)
195.532 341.638 8.4682 7.4351 by
206.644 341.638 30.6041 7.4351 dropping
239.924 341.638 18.8502 7.4351 water
261.467 341.638 13.2273 7.4351 into
277.340 341.638 3.7853 7.4351 a
283.803 341.638 27.3353 7.4351 solution
313.794 341.638 7.0540 7.4351 of
323.489 341.638 13.8370 7.4351 CA,
339.986 341.638 10.7546 7.4351 DS
353.366 341.638 14.8193 7.4351 2.45
370.884 341.638 14.6246 7.4351 (cW

53.8573 351.616 4.2341 7.4351 6
60.4905 351.616 27.1575 7.4351 mg/mL,
90.0276 351.616 14.9802 7.4351 V(H
104.995 354.902 3.1755 4.9562 2
108.170 351.616 8.9001 7.4351 O)
119.452 351.616 8.4682 7.4351 70
130.280 351.616 13.9302 7.4351 mL,
146.608 351.616 12.7700 7.4351 rate
161.801 351.616 8.4682 7.4351 10
172.629 351.616 30.2399 7.4351 mL/min)

53.8583 36.8586 8.4682 7.4351 20

351.722 36.8586 7.3165 7.4351 T.
361.416 36.8586 24.0497 7.4351 Heinze

53.8582 292.179 5.9776 10.6879 6
71.7729 292.179 49.2466 10.6879 Solubility
124.383 292.179 9.9586 10.6879 of
137.650 292.179 46.6273 10.6879 Cellulose

53.8582 321.486 10.9887 8.7472 As
68.0878 321.486 4.4533 8.7472 a
75.7411 321.486 22.1867 8.7472 result
101.195 321.486 8.2988 8.7472 of
112.704 321.486 12.2341 8.7472 the
128.181 321.486 36.0845 8.7472 extended
167.525 321.486 37.7244 8.7472 hydrogen
208.457 321.486 23.7608 8.7472 bonds
235.500 321.486 33.2751 8.7472 between
272.067 321.486 12.2341 8.7472 the
287.487 321.486 35.6422 8.7472 cellulose
326.378 321.486 27.9949 8.7472 chains,
357.615 321.486 27.8883 8.7472 special

53.8582 333.449 24.4681 8.7472 media
81.9209 333.449 14.4159 8.7472 and
99.8356 333.449 43.8494 8.7472 procedures
147.230 333.449 19.4669 8.7472 must
170.191 333.449 9.4346 8.7472 be
183.173 333.449 29.4494 8.7472 applied
216.168 333.449 7.7808 8.7472 to
227.507 333.449 32.6674 8.7472 dissolve
263.733 333.449 38.1617 8.7472 cellulose.
305.401 333.449 28.0049 8.7472 Today,
336.979 333.449 32.7481 8.7472 solvents
373.262 333.449 12.2241 8.7472 are

53.8582 345.411 29.9775 8.7472 divided
86.2865 345.411 15.5616 8.7472 into
104.258 345.411 47.8962 8.7472 derivatizing
154.601 345.411 32.7481 8.7472 solvents
189.750 345.411 35.5525 8.7472 (forming
227.677 345.411 34.0033 8.7472 covalent
264.074 345.411 23.7608 8.7472 bonds
290.265 345.411 8.2988 8.7472 of
300.980 345.411 14.9339 8.7472 low
318.328 345.411 32.3286 8.7472 stability
353.079 345.411 17.7334 8.7472 with
373.262 345.411 12.2341 8.7472 the

53.8582 357.316 36.7092 8.7472 polymer)
93.7126 357.316 14.4159 8.7472 and
111.343 357.316 62.8271 8.7472 nonderivatizing
177.389 357.316 32.7371 8.7472 solvents
213.332 357.316 46.2454 8.7472 (interacting
262.767 357.316 17.7434 8.7472 only
283.687 357.316 41.1435 8.7472 physically
328.021 357.316 17.7334 8.7472 with
348.940 357.316 12.2341 8.7472 the
364.417 357.316 21.0609 8.7472 poly-

53.8582 369.278 21.3598 8.7472 mer).
79.6534 369.278 9.9526 8.7472 At
93.9397 369.278 12.2341 8.7472 the
110.607 369.278 37.8350 8.7472 industrial
152.785 369.278 22.4856 8.7472 scale,
179.714 369.278 35.5565 8.7472 cellulose
219.739 369.278 25.6039 8.7472 nitrate
249.786 369.278 8.2889 8.7472 as
262.429 369.278 4.4533 8.7472 a
271.273 369.278 28.8318 8.7472 soluble
304.494 369.278 16.9065 8.7472 and,
325.810 369.278 19.1581 8.7472 thus,
349.281 369.278 36.1652 8.7472 formable

53.8582 381.240 35.5565 8.7472 cellulose
92.2959 381.240 40.1264 8.7472 derivative
135.211 381.240 13.8879 8.7472 can
151.936 381.240 9.4346 8.7472 be
164.237 381.240 20.7421 8.7472 used.
187.821 381.240 6.1170 8.7472 It
196.721 381.240 26.5603 8.7472 should
226.145 381.240 9.4346 8.7472 be
238.391 381.240 29.9775 8.7472 pointed
271.216 381.240 12.7621 8.7472 out
286.806 381.240 15.0336 8.7472 that
304.664 381.240 35.5565 8.7472 cellulose
343.102 381.240 25.6039 8.7472 nitrate
371.561 381.240 6.6351 8.7472 is
381.029 381.240 4.4533 8.7472 a

53.8582 393.202 37.9406 8.7472 relatively
98.8712 393.202 23.4021 8.7472 stable
129.371 393.202 35.5565 8.7472 cellulose
172.117 393.202 40.1264 8.7472 derivative
219.342 393.202 8.8169 8.7472 so
235.272 393.202 48.9273 8.7472 introduction
291.340 393.202 8.2988 8.7472 of
306.760 393.202 18.8592 8.7472 ester
332.725 393.202 33.9884 8.7472 moieties
373.827 393.202 11.6164 8.7472 for

53.8582 405.164 52.3505 8.7472 “derivatizing
111.796 405.164 48.3047 8.7472 dissolution”
165.654 405.164 6.6351 8.7472 is
177.843 405.164 40.5079 8.7472 somewhat
223.934 405.164 53.0867 8.7472 questionable,
282.611 405.164 34.9588 8.7472 although
323.203 405.164 50.0870 8.7472 regeneration
378.818 405.164 6.6351 8.7472 is

53.8582 417.126 17.7235 8.7472 easy
74.8912 417.126 7.7808 8.7472 to
85.8900 417.126 33.1595 8.7472 achieve.
122.343 417.126 15.5516 8.7472 The
141.164 417.126 37.7583 8.7472 invention
182.209 417.126 8.3636 8.7472 of
193.774 417.126 4.4533 8.7472 a
201.485 417.126 31.1849 8.7472 mixture
235.954 417.126 8.2988 8.7472 of
247.463 417.126 40.5388 8.7472 copper(II)
291.285 417.126 40.5239 8.7472 hydroxide
335.052 417.126 14.4159 8.7472 and
352.740 417.126 32.7491 8.7472 aqueous

53.8582 429.089 37.3348 8.7472 ammonia
94.4498 429.089 11.6164 8.7472 for
109.359 429.089 40.9762 8.7472 dissolving
153.636 429.089 38.1328 8.7472 cellulose,
195.078 429.089 17.7334 8.7472 with
216.111 429.089 44.3635 8.7472 subsequent
263.789 429.089 50.7316 8.7472 precipitation
317.759 429.089 7.7808 8.7472 in
328.815 429.089 22.8144 8.7472 dilute
354.949 429.089 30.4856 8.7472 sulfuric

53.8582 441.051 19.1780 8.7472 acid,
75.6285 441.051 15.4420 8.7472 was
93.6000 441.051 35.5695 8.7472 followed
131.697 441.051 9.9626 8.7472 by
144.169 441.051 35.5525 8.7472 probably
182.266 441.051 12.2341 8.7472 the
197.005 441.051 19.4669 8.7472 most
219.002 441.051 38.8940 8.7472 important
260.500 441.051 43.3174 8.7472 large-scale
306.477 441.051 36.1742 8.7472 technical
345.255 441.051 29.8579 8.7472 process
377.683 441.051 7.7808 8.7472 in

53.8582 452.956 18.2515 8.7472 ﬁber
77.6120 452.956 45.8309 8.7472 production,
128.975 452.956 12.2341 8.7472 the
146.719 452.956 29.3399 8.7472 viscose
181.585 452.956 32.4422 8.7472 process.
219.513 452.956 37.8250 8.7472 Cellulose
262.825 452.956 6.6351 8.7472 is
274.958 452.956 48.3256 8.7472 transformed
328.759 452.956 15.5616 8.7472 into
349.849 452.956 35.5565 8.7472 cellulose

53.8582 464.918 55.8812 8.7472 xanthogenate,
112.251 464.918 17.7334 8.7472 with
132.546 464.918 44.2838 8.7472 subsequent
179.374 464.918 34.4108 8.7472 spinning
216.280 464.918 8.2988 8.7472 of
227.052 464.918 12.2341 8.7472 the
241.791 464.918 32.2290 8.7472 solution
276.487 464.918 7.7808 8.7472 in
286.805 464.918 32.6674 8.7472 aqueous
322.011 464.918 29.3598 8.7472 sodium
353.872 464.918 31.6133 8.7472 hydrox-

53.8582 476.880 14.7247 8.7472 ide.
71.8297 476.880 15.5516 8.7472 The
90.5953 476.880 30.6549 8.7472 Lyocell
124.497 476.880 29.8579 8.7472 process
157.661 476.880 6.6351 8.7472 is
167.469 476.880 9.4346 8.7472 an
180.169 476.880 65.6486 8.7472 environmentally
249.050 476.880 31.7398 8.7472 friendly
283.972 476.880 42.3829 8.7472 alternative
329.610 476.880 7.7808 8.7472 to
340.608 476.880 12.2341 8.7472 the
356.085 476.880 29.3399 8.7472 viscose

53.8582 488.842 32.3486 8.7472 process,
88.6107 488.842 34.3212 8.7472 whereby
125.346 488.842 35.5565 8.7472 cellulose
163.330 488.842 6.6351 8.7472 is
172.287 488.842 37.7244 8.7472 dissolved
212.312 488.842 41.1376 8.7472 physically
255.851 488.842 7.7808 8.7472 in
265.945 488.862 119.511 8.7671 N-methylmorpholine-N-oxide

53.8582 500.804 52.7579 8.7472 monohydrate
109.473 500.804 14.4159 8.7472 and
126.707 500.804 46.7385 8.7472 regenerated
176.313 500.804 7.7808 8.7472 in
186.857 500.804 22.1767 8.7472 water
211.915 500.804 24.1214 8.7472 [104].

65.8203 512.766 15.5516 8.7472 The
84.4723 512.766 33.9127 8.7472 majority
121.492 512.766 8.2988 8.7472 of
132.830 512.766 35.6631 8.7472 cellulose
171.551 512.766 32.7481 8.7472 solvents
207.324 512.766 27.1481 8.7472 known
237.484 512.766 22.2724 8.7472 today
262.826 512.766 12.2241 8.7472 are
278.133 512.766 17.7434 8.7472 only
298.939 512.766 29.4494 8.7472 applied
331.480 512.766 7.2528 8.7472 at
341.798 512.766 12.2341 8.7472 the
357.104 512.766 28.3795 8.7472 labora-

53.8582 524.729 16.0796 8.7472 tory
73.1906 524.729 19.9949 8.7472 scale
96.4911 524.729 35.0853 8.7472 although
134.815 524.729 20.0049 8.7472 there
158.115 524.729 12.2241 8.7472 are
173.592 524.729 21.1207 8.7472 some
197.970 524.729 55.1460 8.7472 semitechnical
256.419 524.729 20.0049 8.7472 trials
279.720 524.729 22.1967 8.7472 being
305.174 524.729 27.8853 8.7472 carried
336.298 524.729 12.7621 8.7472 out
352.342 524.729 11.6164 8.7472 for
367.195 524.729 18.2515 8.7472 ﬁber

53.8582 536.691 34.3411 8.7472 spinning
90.8782 536.691 21.6487 8.7472 using
115.142 536.691 22.1967 8.7472 novel
140.029 536.691 32.7371 8.7472 solvents
175.405 536.691 18.2515 8.7472 such
196.325 536.691 8.2889 8.7472 as
207.267 536.691 20.1005 8.7472 ionic
230.000 536.691 27.1780 8.7472 liquids
259.877 536.691 22.3959 8.7472 (ILs).
284.935 536.691 20.5329 8.7472 Until
308.179 536.691 17.1157 8.7472 now
327.965 536.691 20.0049 8.7472 there
350.642 536.691 13.2702 8.7472 has
366.572 536.691 18.8692 8.7472 been

53.8582 548.596 9.9626 8.7472 no
66.6143 548.596 55.5385 8.7472 homogeneous
124.950 548.596 36.2788 8.7472 chemical
164.010 548.596 50.6030 8.7472 modiﬁcation
217.471 548.596 27.7757 8.7472 carried
248.085 548.596 12.7621 8.7472 out
263.675 548.596 7.2528 8.7472 at
273.766 548.596 36.1742 8.7472 technical
312.827 548.596 26.3212 8.7472 scales.

53.8582 254.490 13.9302 7.5706 Fig.
71.3764 254.490 8.4682 7.5706 17
85.7765 254.558 31.1122 7.4351 Confocal
120.529 254.558 39.1400 7.4351 micrograph
163.219 254.558 25.4723 7.4351 overlay
192.302 254.558 7.0540 7.4351 of
202.903 254.558 8.4682 7.4351 21
214.922 254.558 20.7047 7.4351 stacks
239.187 254.558 7.0540 7.4351 of
249.845 254.558 23.1012 7.4351 human
276.491 254.558 35.2616 7.4351 ﬁbroblasts
315.326 254.558 14.1131 7.4351 (red
330.858 254.558 12.3297 7.4351 cell
346.789 254.558 38.6912 7.4351 membrane)

53.8582 264.536 33.0514 7.4351 incubated
89.2917 264.536 15.0734 7.4351 with
106.753 264.536 45.7367 7.4351 FITC-labeled
154.942 264.536 30.2230 7.4351 cellulose
187.540 264.536 45.2964 7.4351 nanoparticles

53.8582 36.9711 34.4571 7.4351 Cellulose:
90.7084 36.9711 31.1122 7.4351 Structure
124.213 36.9711 12.2535 7.4351 and
138.897 36.9711 34.3724 7.4351 Properties

377.064 36.9711 8.4682 7.4351 21

53.8582 62.1462 14.9439 10.5683 6.1
80.7871 62.1462 27.2576 10.5683 Polar
111.401 62.1462 36.5826 10.5683 Aprotic
151.370 62.1462 41.1853 10.5683 Solvents
195.987 62.1462 9.9586 10.5683 in
209.310 62.1462 64.4858 10.5683 Combination
277.172 62.1462 21.2801 10.5683 with
301.834 62.1462 57.9583 10.5683 Electrolytes

53.8582 91.5972 27.1680 8.7472 Binary
84.9256 91.5972 35.0205 8.7472 mixtures
123.816 91.5972 8.2988 8.7472 of
136.005 91.5972 29.9675 8.7472 organic
169.907 91.5972 27.1780 8.7472 liquids
200.974 91.5972 14.4159 8.7472 and
219.286 91.5972 37.7483 8.7472 inorganic
260.954 91.5972 8.2988 8.7472 or
273.144 91.5972 29.9675 8.7472 organic
306.988 91.5972 46.2125 8.7472 electrolytes
357.104 91.5972 12.2241 8.7472 are
373.262 91.5972 12.2341 8.7472 the

53.8582 103.559 41.0419 8.7472 most-used
99.4391 103.559 32.7371 8.7472 solvents
136.742 103.559 11.6164 8.7472 for
152.899 103.559 38.1498 8.7472 cellulose.
195.588 103.559 30.6669 8.7472 Typical
230.794 103.559 37.8250 8.7472 examples
273.143 103.559 12.2241 8.7472 are
289.926 103.579 95.5294 8.7671 N,N-dimethylacetamide

53.8582 115.521 36.7939 8.7472 (DMAc),
94.2805 115.541 106.464 8.7671 N-methyl-2-pyrrolidinone,
204.320 115.521 128.311 8.7472 1,3-dimethyl-2-imidazolidinone
336.244 115.521 7.7808 8.7472 in
347.639 115.521 37.8240 8.7472 combina-

53.8582 127.483 15.5616 8.7472 tion
72.2262 127.483 17.7334 8.7472 with
92.8060 127.483 20.8418 8.7472 LiCl,
116.503 127.483 14.4159 8.7472 and
133.737 127.483 28.6963 8.7472 DMSO
165.258 127.483 17.7334 8.7472 with
185.781 127.483 95.7615 8.7472 tetra-n-butylammonium
284.370 127.483 31.0136 8.7472 ﬂuoride
317.083 126.606 7.6712 9.9626 Â
326.436 127.483 12.1344 8.7472 3H
338.626 131.326 3.7359 5.8308 2
342.368 127.483 7.1531 8.7472 O
352.346 127.483 24.0637 8.7472 [105].

65.8216 139.445 8.2988 8.7472 In
76.4228 139.445 20.5230 8.7472 these
99.2700 139.445 35.2278 8.7472 solvents,
136.800 139.445 20.1005 8.7472 there
159.194 139.445 12.2241 8.7472 are
173.707 139.445 16.5977 8.7472 ions
192.642 139.445 15.0336 8.7472 that
209.990 139.445 13.8879 8.7472 can
226.204 139.445 40.6504 8.7472 efﬁciently
269.177 139.445 30.0572 8.7472 interact
301.605 139.445 17.7334 8.7472 with
321.674 139.445 37.7244 8.7472 hydrogen
361.698 139.445 23.7608 8.7472 bonds

53.8595 151.408 14.4159 8.7472 and
71.0370 151.408 27.2497 8.7472 liquids
100.970 151.408 15.0336 8.7472 that
118.771 151.408 13.8879 8.7472 can
135.439 151.408 28.3037 8.7472 solvate
166.563 151.408 20.5329 8.7472 polar
189.863 151.408 37.1306 8.7472 polymers
229.775 151.408 18.2515 8.7472 such
250.808 151.408 8.2889 8.7472 as
261.863 151.408 38.1498 8.7472 cellulose.
302.738 151.408 15.5516 8.7472 The
321.049 151.408 34.4108 8.7472 essential
358.296 151.408 27.1580 8.7472 factors

53.8595 163.370 33.3837 8.7472 required
90.0287 163.370 11.6164 8.7472 for
104.485 163.370 43.7757 8.7472 dissolution
151.143 163.370 8.2988 8.7472 of
162.254 163.370 35.5565 8.7472 cellulose
200.692 163.370 32.3356 8.7472 include:

53.8595 181.284 7.4719 8.7472 1.
65.8216 181.284 39.4927 8.7472 Solubility
108.113 181.284 8.2988 8.7472 of
119.225 181.284 4.4533 8.7472 a
126.481 181.284 37.2003 8.7472 sufﬁcient
166.506 181.284 30.0532 8.7472 amount
199.331 181.284 8.2988 8.7472 of
210.442 181.284 42.3809 8.7472 electrolyte
255.682 181.284 7.7808 8.7472 in
266.227 181.284 12.2341 8.7472 the
281.307 181.284 30.0432 8.7472 organic
314.132 181.284 23.3424 8.7472 liquid

53.8595 193.247 7.4719 8.7472 2.
65.8216 193.247 38.3361 8.7472 Adequate
106.980 193.247 32.2489 8.7472 stability
142.129 193.247 8.2988 8.7472 of
153.240 193.247 12.2341 8.7472 the
168.264 193.247 74.0938 8.7472 electrolyte/solvent
245.195 193.247 34.5065 8.7472 complex

53.8595 205.209 7.4719 8.7472 3.
65.8216 205.209 48.9064 8.7472 Cooperative
117.581 205.209 24.4681 8.7472 action
144.906 205.209 8.2988 8.7472 of
156.018 205.209 12.2341 8.7472 the
171.098 205.209 33.2850 8.7472 solvated
207.267 205.209 31.6313 8.7472 ion-pair
241.736 205.209 9.9626 8.7472 on
254.549 205.209 35.5565 8.7472 cellulose
292.986 205.209 37.7234 8.7472 hydrogen
333.521 205.209 23.7608 8.7472 bonds

53.8595 217.114 7.4719 8.7472 4.
65.8216 217.114 38.8790 8.7472 Sufﬁcient
107.490 217.114 31.1909 8.7472 basicity
141.505 217.114 8.2988 8.7472 of
152.616 217.114 12.2341 8.7472 the
167.640 217.114 22.2724 8.7472 anion
192.698 217.114 21.6308 8.7472 [106]

65.8216 235.085 13.7982 8.7472 For
82.9423 235.085 36.3934 8.7472 example,
122.683 235.085 7.7808 8.7472 to
133.794 235.085 24.9962 8.7472 obtain
162.084 235.085 4.4533 8.7472 a
169.851 235.085 4.9813 8.7472 3
178.128 235.085 18.2515 8.7472 wt%
199.671 235.085 32.2290 8.7472 solution
235.216 235.085 8.2988 8.7472 of
246.782 235.085 35.6422 8.7472 cellulose
285.729 235.085 7.7808 8.7472 in
296.784 235.085 27.6502 8.7472 DMAc
327.738 235.085 32.2380 8.7472 requires
363.283 235.085 22.1967 8.7472 about

53.8595 247.048 4.9813 8.7472 4
60.9459 247.048 18.2515 8.7472 wt%
81.3553 247.048 20.9374 8.7472 LiCl,
104.372 247.048 32.7271 8.7472 whereas
139.294 247.048 9.9626 8.7472 10
151.370 247.048 18.2515 8.7472 wt%
171.779 247.048 18.3511 8.7472 LiCl
192.302 247.048 6.6351 8.7472 is
201.089 247.048 28.3037 8.7472 needed
231.590 247.048 7.7808 8.7472 to
241.511 247.048 32.7431 8.7472 dissolve
276.377 247.048 5.5990 8.7472 it
284.087 247.048 7.7808 8.7472 in
294.008 247.048 24.0338 8.7472 DMF.
320.142 247.048 17.7334 8.7472 This
340.042 247.048 25.4943 8.7472 agrees
367.708 247.048 17.7334 8.7472 with

53.8595 259.010 12.2341 8.7472 the
70.2440 259.010 15.0236 8.7472 fact
89.4628 259.010 15.0336 8.7472 that
108.681 259.010 18.3511 8.7472 LiCl
131.245 259.010 23.2328 8.7472 forms
158.684 259.010 4.4533 8.7472 a
167.301 259.010 32.6674 8.7472 stronger
204.208 259.010 34.4307 8.7472 complex
242.815 259.010 17.8151 8.7472 with
264.754 259.010 12.2341 8.7472 the
281.196 259.010 27.1680 8.7472 former
312.546 259.010 28.9015 8.7472 solvent
345.598 259.010 24.1215 8.7472 [107].
373.889 259.010 11.6164 8.7472 By

53.8595 270.915 34.2026 8.7472 contrast,
91.2193 270.915 21.0410 8.7472 NaCl
115.483 270.915 6.6351 8.7472 is
125.291 270.915 12.7621 8.7472 not
141.221 270.915 45.5948 8.7472 appropriate
190.033 270.915 31.7030 8.7472 because
224.899 270.915 5.5990 8.7472 it
233.686 270.915 6.6351 8.7472 is
243.494 270.915 36.6823 8.7472 insoluble
283.349 270.915 7.7808 8.7472 in
294.290 270.915 27.6502 8.7472 DMAc
325.131 270.915 14.4159 8.7472 and
342.763 270.915 23.9601 8.7472 DMF.
369.918 270.915 15.5516 8.7472 The

53.8595 282.877 32.2499 8.7472 strength
88.5553 282.877 8.2988 8.7472 of
99.3268 282.877 58.3679 8.7472 cation–solvent
160.213 282.877 44.4740 8.7472 association
207.154 282.877 8.2988 8.7472 of
217.925 282.877 22.2863 8.7472 alkali
242.756 282.877 22.2863 8.7472 metal
267.530 282.877 36.6783 8.7472 chlorides
306.704 282.877 7.7808 8.7472 in
316.965 282.877 27.5765 8.7472 DMAc
347.069 282.877 14.4159 8.7472 and
363.964 282.877 21.5431 8.7472 DMF

53.8595 294.839 6.6351 8.7472 is
62.7033 294.839 7.7808 8.7472 in
72.6809 294.839 12.2341 8.7472 the
87.0808 294.839 21.0510 8.7472 order
110.381 294.839 8.9165 8.7472 Li
119.338 292.565 4.2739 5.9371 +
125.291 293.964 7.6712 9.9626 >
134.645 294.841 11.6064 8.7472 Na
146.267 292.565 4.2739 5.9371 +
152.220 293.964 7.6712 9.9626 >
161.574 294.841 7.1531 8.7472 K
168.718 292.565 4.2739 5.9371 +
174.670 293.964 7.6712 9.9626 >
184.024 294.841 10.4707 8.7472 Cs
194.513 292.565 4.2739 5.9371 +
198.822 294.841 11.6064 8.7472 (as
212.655 294.841 45.0937 8.7472 determined
259.936 294.841 9.9626 8.7472 by
272.069 294.841 48.9124 8.7472 electrospray
323.261 294.841 40.1303 8.7472 ionization
365.554 294.841 19.9053 8.7472 mass

53.8592 306.803 57.9544 8.7472 spectroscopy).
115.087 306.803 13.7982 8.7472 For
132.151 306.803 20.8418 8.7472 LiCl,
156.245 306.803 12.2341 8.7472 the
171.722 306.803 32.1493 8.7472 strength
207.155 306.803 8.2988 8.7472 of
218.664 306.803 58.4376 8.7472 cation–solvent
280.345 306.803 44.4750 8.7472 association
328.024 306.803 6.6351 8.7472 is
337.888 306.803 7.7808 8.7472 in
348.944 306.803 12.2341 8.7472 the
364.421 306.803 21.0510 8.7472 order

53.8592 318.785 110.404 8.7671 N,N-dimethylpropionamide
165.941 317.888 7.6712 9.9626 >
175.295 318.765 27.6502 8.7472 DMAc
204.605 317.888 9.9626 9.9626 )
216.284 318.765 23.9601 8.7472 DMF.
242.929 318.765 18.3511 8.7472 That
263.962 318.765 9.1257 8.7472 is,
275.754 318.765 12.2341 8.7472 the
290.664 318.765 44.4711 8.7472 association
337.832 318.765 36.6913 8.7472 increases
377.176 318.765 8.2889 8.7472 as

53.8602 330.727 4.4533 8.7472 a
61.0602 330.727 33.3767 8.7472 function
97.1736 330.727 8.2988 8.7472 of
108.172 330.727 41.1515 8.7472 increasing
152.109 330.727 33.9894 8.7472 negative
188.845 330.727 26.6400 8.7472 charge
218.269 330.727 9.9626 8.7472 on
230.968 330.727 12.2341 8.7472 the
245.935 330.727 29.4245 8.7472 oxygen
278.137 330.727 20.0149 8.7472 atom
300.927 330.727 8.2988 8.7472 of
311.926 330.727 12.2341 8.7472 the
326.950 330.727 21.4953 8.7472 C¼O
351.157 330.727 23.3075 8.7472 group
377.179 330.727 8.2988 8.7472 of

53.8602 342.689 12.2341 8.7472 the
68.9974 342.689 28.9015 8.7472 solvent
100.802 342.689 20.8019 8.7472 [108,
124.499 342.689 20.7750 8.7472 109].
148.140 342.689 13.8620 8.7472 For
164.864 342.689 30.1408 8.7472 DMAc,
197.916 342.689 18.3511 8.7472 LiCl
219.175 342.689 6.6351 8.7472 is
228.756 342.689 20.5329 8.7472 more
252.227 342.689 32.7570 8.7472 efﬁcient
287.943 342.689 17.2154 8.7472 than
308.125 342.689 18.8692 8.7472 LiBr
329.894 342.689 11.6164 8.7472 for
344.408 342.689 41.0409 8.7472 dissolving

53.8602 354.651 38.1498 8.7472 cellulose,
94.7915 354.651 31.7030 8.7472 because
129.316 354.651 12.2341 8.7472 the
144.397 354.651 17.8231 8.7472 later
165.032 354.651 24.4681 8.7472 halide
192.358 354.651 12.7621 8.7472 ion
207.948 354.651 6.6351 8.7472 is
217.416 354.651 14.9240 8.7472 less
235.160 354.651 20.5230 8.7472 basic
258.517 354.651 17.2154 8.7472 than
278.586 354.651 12.2341 8.7472 the
293.666 354.651 29.6587 8.7472 former.

65.8223 366.557 8.2988 8.7472 In
76.4235 366.557 31.9301 8.7472 general,
110.665 366.557 7.7808 8.7472 to
120.757 366.557 26.0323 8.7472 design
149.102 366.557 16.5877 8.7472 new
168.037 366.557 32.7481 8.7472 solvents
203.073 366.557 8.2988 8.7472 of
213.617 366.557 14.4159 8.7472 this
230.341 366.557 19.7817 8.7472 type,
252.394 366.557 12.2341 8.7472 the
266.908 366.557 52.2528 8.7472 requirements
321.502 366.557 42.2115 8.7472 mentioned
366.062 366.557 19.4669 8.7472 must

53.8602 378.519 9.4346 8.7472 be
65.8223 378.519 34.1916 8.7472 fulﬁlled.
102.558 378.519 22.4059 8.7472 Thus,
127.502 378.519 5.5990 8.7472 it
135.666 378.519 15.4420 8.7472 was
153.637 378.519 23.2427 8.7472 found
179.489 378.519 15.0336 8.7472 that
197.064 378.519 42.8242 8.7472 quaternary
242.418 378.519 83.5703 8.7472 tetraalkylammonium
328.533 378.519 36.6026 8.7472 chlorides
367.707 378.519 17.7334 8.7472 with

53.8602 390.481 14.4159 8.7472 one
70.6980 390.481 17.7434 8.7472 long
90.8234 390.481 20.0906 8.7472 alkyl
113.273 390.481 21.6687 8.7472 chain
137.367 390.481 32.7491 8.7472 dissolve
172.516 390.481 7.7808 8.7472 in
182.664 390.481 29.3498 8.7472 various
214.469 390.481 30.0432 8.7472 organic
246.897 390.481 32.7481 8.7472 solvents
282.046 390.481 14.4159 8.7472 and
298.827 390.481 38.9787 8.7472 constitute
340.212 390.481 4.4533 8.7472 a
347.072 390.481 16.5877 8.7472 new
366.064 390.481 19.3773 8.7472 class

53.8602 402.443 8.2988 8.7472 of
67.4093 402.443 35.5565 8.7472 cellulose
108.283 402.443 35.2387 8.7472 solvents.
148.761 402.443 8.2988 8.7472 In
162.254 402.443 31.6970 8.7472 contrast
199.217 402.443 7.7808 8.7472 to
212.199 402.443 12.2341 8.7472 the
229.718 402.443 64.9970 8.7472 well-established
300.016 402.443 28.8318 8.7472 solvent
334.145 402.443 51.3074 8.7472 DMAc/LiCl,

53.8602 414.405 35.5565 8.7472 cellulose
97.4565 414.405 36.5030 8.7472 dissolves
141.959 414.405 7.7808 8.7472 in
157.663 414.405 68.7599 8.7472 DMA/quaternary
234.424 414.405 45.5390 8.7472 ammonium
287.941 414.405 36.6783 8.7472 chlorides
332.557 414.405 30.5712 8.7472 without
371.052 414.405 14.4159 8.7472 any

53.8602 426.367 50.6817 8.7472 pretreatment
108.057 426.367 19.0883 8.7472 (Fig.
130.622 426.367 15.7857 8.7472 18).
149.840 426.367 57.4244 8.7472 Consequently,
210.785 426.367 13.2702 8.7472 use
227.509 426.367 8.2988 8.7472 of
239.301 426.367 12.2341 8.7472 the
255.005 426.367 16.5877 8.7472 new
275.073 426.367 28.8318 8.7472 solvent
307.388 426.367 26.1080 8.7472 avoids
336.925 426.367 21.1207 8.7472 some
361.473 426.367 8.2988 8.7472 of
373.265 426.367 12.2341 8.7472 the

53.8602 438.329 56.1044 8.7472 disadvantages
112.820 438.329 8.2988 8.7472 of
123.932 438.329 48.8357 8.7472 DMAc/LiCl
175.578 438.329 24.1214 8.7472 [110].

65.8233 450.291 27.7717 8.7472 Highly
95.6433 450.291 39.9201 8.7472 surprising
137.652 450.291 6.6351 8.7472 is
146.439 450.291 12.2341 8.7472 the
160.782 450.291 28.2240 8.7472 ﬁnding
191.112 450.291 15.0336 8.7472 that
208.290 450.291 35.6711 8.7472 cellulose
246.047 450.291 36.5787 8.7472 dissolves
284.712 450.291 30.0532 8.7472 quickly
316.856 450.291 18.8692 8.7472 even
337.889 450.291 7.7808 8.7472 in
347.754 450.291 4.4533 8.7472 a
354.331 450.291 31.1132 8.7472 mixture

53.8612 462.197 8.2988 8.7472 of
67.3535 462.197 128.150 8.7472 acetone/triethyloctylammonium
200.693 462.197 32.8427 8.7472 chloride
238.733 462.197 42.2873 8.7472 containing
286.240 462.197 4.9813 8.7472 9
296.388 462.197 19.3872 8.7472 parts
320.993 462.197 8.2988 8.7472 of
334.485 462.197 12.2341 8.7472 the
351.947 462.197 13.8879 8.7472 salt
371.052 462.197 14.4159 8.7472 and

53.8612 474.159 9.9626 8.7472 20
67.8646 474.159 19.3872 8.7472 parts
91.2787 474.159 8.2988 8.7472 of
103.580 474.159 12.2341 8.7472 the
119.851 474.159 30.0432 8.7472 organic
153.923 474.159 25.8330 8.7472 liquid.
183.800 474.159 12.1344 8.7472 No
199.957 474.159 50.6817 8.7472 pretreatment
254.666 474.159 8.2988 8.7472 or
267.024 474.159 39.5017 8.7472 activation
310.621 474.159 8.2988 8.7472 of
322.923 474.159 12.2341 8.7472 the
339.194 474.159 35.5565 8.7472 cellulose
378.878 474.159 6.6351 8.7472 is

53.8612 486.121 41.3737 8.7472 necessary.
98.0812 486.121 17.7334 8.7472 This
118.716 486.121 13.2702 8.7472 has
134.874 486.121 12.7621 8.7472 not
150.464 486.121 12.2341 8.7472 yet
165.601 486.121 18.8692 8.7472 been
187.372 486.121 33.3837 8.7472 reported
223.598 486.121 11.6164 8.7472 for
238.054 486.121 25.5899 8.7472 binary
266.513 486.121 47.3811 8.7472 acetone/salt
316.743 486.121 37.5112 8.7472 mixtures,
357.108 486.121 28.3137 8.7472 includ-

53.8612 498.083 12.7621 8.7472 ing
69.6788 498.083 15.7608 8.7472 ILs,
88.5569 498.083 24.3586 8.7472 where
116.052 498.083 30.5752 8.7472 acetone
149.784 498.083 13.2702 8.7472 has
166.111 498.083 18.8692 8.7472 been
188.108 498.083 23.2427 8.7472 found
214.413 498.083 7.7808 8.7472 to
225.298 498.083 22.1767 8.7472 cause
250.583 498.083 42.3978 8.7472 immediate
296.051 498.083 35.5565 8.7472 cellulose
334.771 498.083 50.7106 8.7472 precipitation

53.8612 510.045 24.1195 8.7472 [111].
80.7901 510.045 29.4196 8.7472 Further
113.048 510.045 32.8557 8.7472 increase
148.707 510.045 7.7808 8.7472 in
159.308 510.045 12.2341 8.7472 the
174.388 510.045 30.0532 8.7472 amount
207.270 510.045 8.2988 8.7472 of
218.381 510.045 94.6885 8.7472 triethyloctylammonium
315.948 510.045 32.7670 8.7472 chloride
351.607 510.045 18.2515 8.7472 does
372.697 510.045 12.7621 8.7472 not

53.8612 522.007 18.8692 8.7472 have
77.3889 522.007 9.4346 8.7472 an
91.3923 522.007 30.5692 8.7472 adverse
126.542 522.007 22.8741 8.7472 effect
154.038 522.007 9.9626 8.7472 on
168.551 522.007 12.2341 8.7472 the
185.446 522.007 34.6499 8.7472 solution.
224.733 522.007 15.5516 8.7472 The
244.913 519.786 7.4718 5.8308 13
252.396 522.009 32.5578 8.7472 C-NMR
289.644 522.009 36.6026 8.7472 spectrum
330.916 522.009 38.3470 8.7472 measured
373.831 522.009 11.6164 8.7472 for

53.8591 533.971 35.5565 8.7472 cellulose
94.1668 533.971 37.7304 8.7472 dissolved
136.572 533.971 7.7808 8.7472 in
149.044 533.971 128.150 8.7472 acetone/triethyloctylammonium
281.874 533.971 32.8427 8.7472 chloride
319.404 533.971 29.3399 8.7472 veriﬁes
353.476 533.971 15.0336 8.7472 that
373.205 533.971 12.2341 8.7472 the

53.8591 545.933 46.1229 8.7472 biopolymer
103.464 545.933 6.6351 8.7472 is
113.556 545.933 37.6487 8.7472 dissolved
154.714 545.933 30.4955 8.7472 without
188.673 545.933 22.2724 8.7472 being
214.354 545.933 44.0566 8.7472 chemically
261.863 545.933 35.5695 8.7472 modiﬁed
300.866 545.933 66.1447 8.7472 (nonderivatizing
370.541 545.933 14.9339 8.7472 sol-

53.8591 557.839 20.5329 8.7472 vent)
77.1029 557.839 8.2889 8.7472 as
88.0448 557.839 6.6351 8.7472 is
97.3419 557.839 12.2341 8.7472 the
112.251 557.839 17.1954 8.7472 case
132.151 557.839 11.6164 8.7472 for
146.437 557.839 10.0523 8.7472 all
159.136 557.839 32.7371 8.7472 solvents
194.569 557.839 8.2988 8.7472 of
205.511 557.839 14.4159 8.7472 this
222.575 557.839 19.4629 8.7472 class
244.685 557.839 19.0883 8.7472 (Fig.
266.457 557.839 15.7857 8.7472 19).
284.881 557.839 54.1936 8.7472 Nevertheless,
341.686 557.839 12.2341 8.7472 the
356.596 557.839 28.9015 8.7472 solvent

53.8591 569.801 48.8257 8.7472 LiCl/DMAc
108.282 569.801 6.6351 8.7472 is
120.528 569.801 15.0336 8.7472 still
141.164 569.801 12.2341 8.7472 the
158.965 569.801 19.4669 8.7472 most
183.966 569.801 45.6128 8.7472 extensively
235.216 569.801 39.5067 8.7472 employed
280.286 569.801 31.6113 8.7472 because
317.533 569.801 5.5990 8.7472 it
328.701 569.801 6.6351 8.7472 is
340.947 569.801 30.6669 8.7472 capable
377.174 569.801 8.2988 8.7472 of

53.8582 36.8575 8.4682 7.4351 22

351.722 36.8575 7.3165 7.4351 T.
361.416 36.8575 24.0497 7.4351 Heinze

53.8582 526.772 41.0519 8.7472 dissolving
97.6817 526.772 34.4208 8.7472 different
134.928 526.772 41.9854 8.7472 celluloses,
179.658 526.772 37.8549 8.7472 including
220.250 526.772 32.2380 8.7472 samples
255.229 526.772 8.2988 8.7472 of
266.284 526.772 17.7434 8.7472 high
286.807 526.772 12.6525 8.7472 DP
302.227 526.772 14.4159 8.7472 and
319.405 526.772 22.2724 8.7472 index
344.406 526.772 8.2988 8.7472 of
355.462 526.772 29.9575 8.7472 crystal-

53.8582 538.734 21.1606 8.7472 linity
77.8392 538.734 20.2241 8.7472 (e.g.,
100.912 538.734 24.9962 8.7472 cotton
128.748 538.734 25.0679 8.7472 linters
156.640 538.734 14.4159 8.7472 and
173.874 538.734 18.8692 8.7472 even
195.588 538.734 34.5104 8.7472 bacterial
233.004 538.734 41.4673 8.7472 cellulose).

65.8203 550.696 15.5516 8.7472 The
87.3634 550.696 50.0870 8.7472 combination
143.375 550.696 8.2988 8.7472 of
157.661 550.696 28.6225 8.7472 DMSO
192.300 550.696 14.4159 8.7472 and
212.653 550.696 50.1109 8.7472 tetra-n-butyl
268.723 550.696 45.6437 8.7472 ammonium
320.313 550.696 31.0136 8.7472 ﬂuoride
353.082 549.819 7.6712 9.9626 Â
362.436 550.696 12.1344 8.7472 3H
374.570 554.539 3.7359 5.8308 2
378.311 550.696 7.1531 8.7472 O

53.8597 562.658 28.7222 8.7472 (TBAF
84.3034 561.781 7.6712 9.9626 Â
93.6573 562.658 12.1344 8.7472 3H
105.845 566.501 3.7359 5.8308 2
109.587 562.658 9.6438 8.7472 O,
126.311 562.658 41.1545 8.7472 premixed)
174.499 562.658 36.5677 8.7472 dissolves
218.152 562.658 35.6422 8.7472 cellulose
260.898 562.658 17.7334 8.7472 very
285.729 562.658 40.6404 8.7472 efﬁciently
333.407 562.658 30.5712 8.7472 without
371.050 562.658 14.4159 8.7472 any

53.8586 574.620 50.6817 8.7472 pretreatment
108.056 574.620 8.2889 8.7472 as
119.791 574.620 4.4533 8.7472 a
127.671 574.620 22.2664 8.7472 result
153.353 574.620 8.3636 8.7472 of
165.145 574.620 12.2341 8.7472 the
180.849 574.620 15.0236 8.7472 fact
199.331 574.620 15.0336 8.7472 that
217.869 574.620 12.2341 8.7472 the
233.573 574.620 31.0136 8.7472 ﬂuoride
268.099 574.620 12.7621 8.7472 ion
284.313 574.620 6.6351 8.7472 is
294.404 574.620 4.4533 8.7472 a
302.341 574.620 25.5043 8.7472 harder
331.311 574.620 17.7235 8.7472 base
352.570 574.620 17.2154 8.7472 than
373.262 574.620 12.2341 8.7472 the

53.8586 586.582 32.8487 8.7472 chloride
88.8383 586.582 12.7621 8.7472 ion
103.691 586.582 57.9495 8.7472 (LiCl/DMAc).
163.784 586.582 52.5238 8.7472 Furthermore,
218.435 586.582 12.2341 8.7472 the
232.778 586.582 24.4681 8.7472 cation
259.423 586.582 6.6351 8.7472 is
268.154 586.582 47.1819 8.7472 voluminous
317.476 586.582 14.4159 8.7472 and
334.029 586.582 23.3224 8.7472 hence
359.484 586.582 15.5417 8.7472 acts
377.171 586.582 8.2889 8.7472 as

53.8582 210.270 13.9302 7.5706 Fig.
71.9996 210.270 8.4682 7.5706 18
86.4565 210.337 32.0775 7.4351 Cellulose
122.740 210.337 32.0013 7.4351 dissolved
158.967 210.337 6.6137 7.4351 in
169.794 210.354 163.830 7.4520 N,N-dimethylacetamide/triethyloctylammonium
337.833 210.337 27.8519 7.4351 chloride
369.865 210.337 15.5900 7.4351 after

53.8582 220.259 37.2093 7.4351 dissolution
93.4868 220.259 9.8494 7.4351 (a)
105.731 220.259 12.2535 7.4351 and
120.359 220.259 15.5900 7.4351 after
138.331 220.259 8.4682 7.4351 24
149.159 220.259 4.2341 7.4351 h
155.792 220.259 10.3033 7.4351 (b)

53.8582 488.632 13.9302 7.5706 Fig.
73.8144 488.632 8.4682 7.5706 19
88.2141 486.770 6.3510 4.9562 13
94.5638 488.699 27.7503 7.4351 C-NMR
128.296 488.699 31.1122 7.4351 spectrum
165.429 488.699 15.5222 7.4351 (100
186.973 488.699 19.4769 7.4351 MHz,
212.428 488.699 33.0429 7.4351 acetone-d
245.536 491.929 3.1755 4.9562 6
248.711 488.699 2.8199 7.4351 )
257.499 488.699 7.0540 7.4351 of
270.538 488.699 30.2230 7.4351 cellulose
306.822 488.699 6.6137 7.4351 in
319.407 488.699 33.0429 7.4351 acetone-d
352.516 491.929 3.1755 4.9562 6
355.691 488.699 29.7911 7.4351 /triethyl-

53.8592 498.621 55.7208 7.4351 octylammonium
111.969 498.621 27.8519 7.4351 chloride

53.8592 36.9722 34.4571 7.4351 Cellulose:
90.7095 36.9722 31.1122 7.4351 Structure
124.214 36.9722 12.2535 7.4351 and
138.898 36.9722 34.3724 7.4351 Properties

377.065 36.9722 8.4682 7.4351 23

53.8582 62.4003 4.4533 8.7472 a
62.0783 62.4003 36.9941 8.7472 “spacer,”
102.839 62.4003 42.7296 8.7472 preventing
149.383 62.4003 55.2317 8.7472 re-attachment
208.343 62.4003 20.8049 8.7472 [105,
232.894 62.4003 20.7750 8.7472 112].
257.441 62.4003 13.7982 8.7472 For
275.017 62.4003 35.2477 8.7472 instance,
314.077 62.4003 19.4769 8.7472 clear
337.377 62.4003 35.9949 8.7472 solutions
377.175 62.4003 8.2988 8.7472 of

53.8582 74.3624 65.1843 8.7472 microcrystalline
122.228 74.3624 35.6631 8.7472 cellulose
161.118 74.3624 19.3773 8.7472 were
183.738 74.3624 34.5174 8.7472 obtained
221.438 74.3624 7.7808 8.7472 in
232.436 74.3624 9.9626 8.7472 15
245.589 74.3624 15.5616 8.7472 min
264.355 74.3624 7.2528 8.7472 at
274.842 74.3624 21.0609 8.7472 room
299.106 74.3624 50.3878 8.7472 temperature,
352.737 74.3624 32.7271 8.7472 whereas

53.8582 86.3245 27.5964 8.7472 ﬁbrous
84.3019 86.3245 17.7235 8.7472 sisal
104.880 86.3245 33.3837 8.7472 required
141.049 86.3245 9.9626 8.7472 30
153.806 86.3245 15.5616 8.7472 min
172.174 86.3245 7.2528 8.7472 at
182.265 86.3245 21.0609 8.7472 room
206.189 86.3245 47.7906 8.7472 temperature
256.872 86.3245 16.5977 8.7472 plus
276.317 86.3245 9.9626 8.7472 60
289.073 86.3245 15.5616 8.7472 min
307.441 86.3245 7.2528 8.7472 at
317.532 86.3245 9.9626 8.7472 60
331.483 86.3248 6.6351 8.7472 C
340.950 86.3248 24.1205 8.7472 [113].

65.8217 98.2302 15.5516 8.7472 The
84.3033 98.2302 55.1290 8.7472 commercially
142.413 98.2302 38.7625 8.7472 available,
184.081 98.2302 23.4021 8.7472 stable
210.387 98.2302 25.4046 8.7472 TBAF
238.789 98.2302 33.2850 8.7472 contains
275.015 98.2302 4.9813 8.7472 3
282.952 98.2302 20.0149 8.7472 mole
305.912 98.2302 8.2988 8.7472 of
317.137 98.2302 24.6674 8.7472 water.
344.746 98.2302 15.5516 8.7472 The
363.228 98.2302 22.1767 8.7472 water

53.8596 110.192 17.2154 8.7472 may
74.1554 110.192 36.6026 8.7472 inﬂuence
113.839 110.192 12.2341 8.7472 the
129.146 110.192 36.1742 8.7472 chemical
168.433 110.192 50.5971 8.7472 modiﬁcation
222.064 110.192 8.2988 8.7472 of
233.402 110.192 37.7244 8.7472 dissolved
274.164 110.192 35.5565 8.7472 cellulose
312.828 110.192 31.7030 8.7472 because
347.581 110.192 8.2988 8.7472 of
358.862 110.192 26.6250 8.7472 hydro-

53.8596 122.154 18.2515 8.7472 lysis
74.6655 122.154 8.2988 8.7472 of
85.4939 122.154 12.2341 8.7472 the
100.290 122.154 32.0268 8.7472 reagent.
134.815 122.154 39.0863 8.7472 However,
176.427 122.154 12.2341 8.7472 the
191.167 122.154 35.6422 8.7472 cellulose
229.377 122.154 32.1593 8.7472 solution
264.130 122.154 13.8879 8.7472 can
280.570 122.154 9.4346 8.7472 be
292.532 122.154 33.3847 8.7472 partially
328.532 122.154 44.4701 8.7472 dehydrated
375.530 122.154 9.9626 8.7472 by

53.8596 134.116 35.5764 8.7472 distilling
92.7506 134.116 11.6164 8.7472 off
107.603 134.116 22.1967 8.7472 about
133.115 134.116 18.2614 8.7472 30%
154.658 134.116 8.2988 8.7472 of
166.167 134.116 12.2341 8.7472 the
181.700 134.116 28.8318 8.7472 solvent
213.788 134.116 25.5999 8.7472 before
242.644 134.116 32.7770 8.7472 addition
278.701 134.116 8.2988 8.7472 of
290.267 134.116 12.2341 8.7472 the
305.744 134.116 29.5252 8.7472 reagent
338.512 134.116 20.2241 8.7472 (e.g.,
362.039 134.116 23.4121 8.7472 acetic

53.8596 146.078 45.8210 8.7472 anhydride).
104.654 146.078 15.5516 8.7472 The
125.177 146.078 51.7368 8.7472 esteriﬁcation
181.926 146.078 23.8505 8.7472 yields
210.783 146.078 34.3311 8.7472 products
250.127 146.078 8.2988 8.7472 of
263.394 146.078 25.5142 8.7472 higher
293.894 146.078 26.6400 8.7472 degree
325.528 146.078 8.2988 8.7472 of
338.794 146.078 46.6857 8.7472 substitution

53.8596 158.040 19.2876 8.7472 (DS)
75.9696 158.040 24.1204 8.7472 [113].

65.8217 170.002 38.9787 8.7472 Complete
109.588 170.002 47.7936 8.7472 dehydration
162.197 170.002 8.2988 8.7472 of
175.350 170.002 25.4046 8.7472 TBAF
202.450 169.126 7.6712 9.9626 Â
211.804 170.002 12.1344 8.7472 3H
223.993 173.846 3.7359 5.8308 2
227.735 170.003 9.6438 8.7472 O,
242.192 170.003 34.9488 8.7472 resulting
281.989 170.003 7.7808 8.7472 in
294.575 170.003 12.2341 8.7472 the
311.639 170.003 41.1396 8.7472 water-free
357.616 170.003 16.3785 8.7472 salt,
378.819 170.003 6.6351 8.7472 is

53.8591 181.965 43.3234 8.7472 impossible
100.120 181.965 31.6113 8.7472 because
134.702 181.965 41.4942 8.7472 anhydrous
179.148 181.965 25.4046 8.7472 TBAF
207.494 181.965 6.6351 8.7472 is
217.018 181.965 33.3548 8.7472 unstable
253.301 181.965 14.4159 8.7472 and
270.592 181.965 41.0419 8.7472 undergoes
314.585 181.965 20.5329 8.7472 rapid
337.999 181.965 11.0983 8.7472 E2
352.002 181.965 33.4664 8.7472 elimina-

53.8591 193.870 18.0522 8.7472 tion,
76.4224 193.870 34.9488 8.7472 resulting
115.937 193.870 7.7808 8.7472 in
128.183 193.870 12.2341 8.7472 the
144.907 193.870 39.5206 8.7472 formation
188.900 193.870 8.2988 8.7472 of
201.713 193.870 37.6586 8.7472 hydrogen
243.891 193.870 38.8790 8.7472 diﬂuoride
287.260 193.870 26.0323 8.7472 anions
317.818 193.870 24.1214 8.7472 [114].
346.392 193.870 39.0863 8.7472 However,

53.8591 205.833 45.6437 8.7472 preparation
101.650 205.833 8.2988 8.7472 of
112.082 205.833 41.4942 8.7472 anhydrous
155.792 205.833 25.4046 8.7472 TBAF
183.401 205.833 7.7808 8.7472 in
193.322 205.833 14.4159 8.7472 situ
209.876 205.833 9.9626 8.7472 by
221.952 205.833 32.3426 8.7472 reacting
256.420 205.833 95.7615 8.7472 tetra-n-butylammonium
354.330 205.833 31.1032 8.7472 cyanide

53.8591 217.795 17.7334 8.7472 with
74.4947 217.795 75.5434 8.7472 hexaﬂuorobenzene
152.956 217.795 7.7808 8.7472 in
163.670 217.795 13.2801 8.7472 dry
179.828 217.795 28.6963 8.7472 DMSO
211.405 217.795 13.2702 8.7472 has
227.619 217.795 18.8692 8.7472 been
249.390 217.795 38.3620 8.7472 described
290.662 217.795 24.1224 8.7472 [115].
317.649 217.795 29.9476 8.7472 Freshly
350.474 217.795 34.9388 8.7472 prepared

53.8591 229.757 41.1366 8.7472 water-free
101.706 229.757 56.9861 8.7472 DMSO/TBAF
165.429 229.757 34.6499 8.7472 solution,
206.814 229.757 18.8692 8.7472 even
232.439 229.757 7.7808 8.7472 in
246.953 229.757 12.2341 8.7472 the
265.888 229.757 35.0086 8.7472 presence
307.613 229.757 8.2988 8.7472 of
322.637 229.757 12.2341 8.7472 the
341.628 229.757 43.7757 8.7472 by-product

53.8591 241.719 78.1397 8.7472 hexacyanobenzene,
135.325 241.719 36.5787 8.7472 dissolves
175.180 241.719 35.5565 8.7472 cellulose
214.128 241.719 17.7334 8.7472 very
235.161 241.719 25.9048 8.7472 easily.
264.301 241.719 8.2988 8.7472 In
275.923 241.719 12.2341 8.7472 the
291.457 241.719 41.0359 8.7472 water-free
335.847 241.719 31.3922 8.7472 solvent,
370.543 241.719 14.9339 8.7472 dis-

53.8591 253.681 32.2499 8.7472 solution
88.6117 253.681 8.2988 8.7472 of
99.4400 253.681 35.6502 8.7472 bleached
137.650 253.681 24.9962 8.7472 cotton
165.203 253.681 22.1508 8.7472 ﬁbers
189.920 253.681 17.7334 8.7472 with
210.216 253.681 17.7334 8.7472 very
230.512 253.681 17.7434 8.7472 high
250.807 253.681 12.6525 8.7472 DP
266.001 253.681 8.2988 8.7472 of
276.830 253.681 22.4158 8.7472 3,743
301.831 253.681 26.0223 8.7472 occurs
330.460 253.681 25.5142 8.7472 within
358.580 253.681 4.4533 8.7472 a
365.553 253.681 19.9152 8.7472 short

53.8591 265.643 20.3237 8.7472 time,
77.0461 265.643 8.2889 8.7472 as
88.1574 265.643 40.6404 8.7472 visualized
131.583 265.643 9.9626 8.7472 by
144.339 265.643 27.2676 8.7472 optical
174.499 265.643 46.5652 8.7472 microscopy
223.934 265.643 19.1581 8.7472 (Fig.
245.877 265.643 12.4682 8.7472 20,
261.127 265.643 27.4380 8.7472 [116]).

65.8212 277.605 22.7048 8.7472 Other
91.2757 277.605 45.5390 8.7472 ammonium
139.577 277.605 17.7235 8.7472 salts
160.043 277.605 18.8692 8.7472 have
181.586 277.605 18.8692 8.7472 been
203.186 277.605 28.9015 8.7472 studied
234.764 277.605 8.2889 8.7472 as
245.762 277.605 46.2165 8.7472 electrolytes
294.688 277.605 7.7808 8.7472 in
305.175 277.605 54.7186 8.7472 DMSO-based
362.661 277.605 22.8044 8.7472 cellu-

53.8591 289.510 16.0697 8.7472 lose
72.1704 289.510 35.2278 8.7472 solvents,
109.643 289.510 29.4494 8.7472 namely
141.391 289.510 91.3431 8.7472 tetramethylammonium
234.989 289.510 31.0136 8.7472 ﬂuoride
268.267 289.510 34.3281 8.7472 (TMAF)
304.777 289.510 14.4159 8.7472 and
321.444 289.510 63.9888 8.7472 benzyltrimethy-

53.8591 301.473 48.4352 8.7472 lammonium
109.870 301.473 31.0136 8.7472 ﬂuoride
148.477 301.473 52.7809 8.7472 monohydrate
208.798 301.473 37.6267 8.7472 (BTMAF
248.144 300.596 7.6712 9.9626 Â
257.498 301.473 7.1531 8.7472 H
264.642 305.374 3.7359 5.8308 2
268.384 301.474 12.9613 8.7472 O).
288.907 301.474 9.9526 8.7472 At
306.425 301.474 21.0609 8.7472 room
335.054 301.474 50.3878 8.7472 temperature,

53.8595 313.436 17.4345 8.7472 0.94
74.3257 313.436 24.4781 8.7472 mol/L
101.821 313.436 25.4046 8.7472 TBAF
128.977 312.559 7.6712 9.9626 Â
138.331 313.436 12.1344 8.7472 3H
150.463 317.336 3.7359 5.8308 2
154.204 313.436 7.1531 8.7472 O
164.352 313.436 22.2724 8.7472 could
189.580 313.436 9.4346 8.7472 be
202.053 313.436 37.7244 8.7472 dissolved
242.758 313.436 7.7808 8.7472 in
253.529 313.436 31.1869 8.7472 DMSO,
287.715 313.436 12.7621 8.7472 but
303.476 313.436 17.7434 8.7472 only
324.225 313.436 22.4158 8.7472 0.025
349.679 313.436 24.4781 8.7472 mol/L
377.175 313.436 8.2988 8.7472 of

53.8582 573.161 13.9302 7.5706 Fig.
71.8862 573.161 8.4682 7.5706 20
86.3431 573.229 25.0235 7.4351 Optical
115.539 573.229 42.4003 7.4351 micrographs
162.084 573.229 28.6564 7.4351 showing
194.852 573.229 10.3989 7.4351 the
209.366 573.229 37.2093 7.4351 dissolution
250.695 573.229 7.0540 7.4351 of
261.864 573.229 30.2230 7.4351 bleached
296.220 573.229 21.2467 7.4351 cotton
321.619 573.229 18.7740 7.4351 ﬁbers
344.523 573.229 6.6137 7.4351 in
355.238 573.229 30.2399 7.4351 dimethyl

53.8582 583.150 68.8211 7.4351 sulfoxide/water-free
125.121 583.150 71.3192 7.4351 tetrabutylammonium
198.879 583.150 26.3615 7.4351 ﬂuoride
227.623 583.150 11.2881 7.4351 (10
241.285 583.150 18.3337 7.4351 wt%)
262.035 583.150 6.1648 7.4351 at
270.539 583.150 8.4682 7.4351 35
282.500 583.150 5.6398 7.4351 C

53.8585 36.8590 8.4682 7.4351 24

351.722 36.8590 7.3165 7.4351 T.
361.416 36.8590 24.0497 7.4351 Heinze

53.8582 62.4003 34.2215 8.7472 BTMAF
89.8581 61.5236 7.6712 9.9626 Â
99.2119 62.4003 7.1531 8.7472 H
106.355 66.2433 3.7359 5.8308 2
110.097 62.4003 7.1531 8.7472 O
119.678 62.4003 36.5847 8.7472 dissolves
158.740 62.4003 7.2528 8.7472 at
168.434 62.4003 21.0609 8.7472 room
191.962 62.4003 50.3918 8.7472 temperature,
244.798 62.4003 14.4159 8.7472 and
261.693 62.4003 22.4158 8.7472 0.142
286.581 62.4003 24.4781 8.7472 mol/L
313.510 62.4003 7.2528 8.7472 at
323.204 62.4003 9.9626 8.7472 90
337.209 62.4003 9.1257 8.7472 C.
348.775 62.4003 27.6661 8.7472 TMAF
378.879 62.4003 6.6351 8.7472 is

53.8591 74.3624 36.7112 8.7472 insoluble
93.3738 74.3624 7.7808 8.7472 in
103.918 74.3624 31.1869 8.7472 DMSO.

65.8212 86.3245 12.1344 8.7472 Up
81.5252 86.3245 7.7808 8.7472 to
92.8637 86.3245 4.9813 8.7472 1
101.367 86.3245 18.2515 8.7472 wt%
123.193 86.3245 8.2988 8.7472 of
135.042 86.3245 35.6711 8.7472 cellulose
174.273 86.3245 6.6351 8.7472 is
184.421 86.3245 28.9015 8.7472 soluble
216.849 86.3245 7.7808 8.7472 in
228.187 86.3245 65.8030 8.7472 DMSO/BTMAF
295.710 85.4478 7.6712 9.9626 Â
305.064 86.3245 7.1531 8.7472 H
312.207 90.1678 3.7359 5.8308 2
315.949 86.3248 7.1531 8.7472 O
326.664 86.3248 9.9626 8.7472 by
340.156 86.3248 29.5431 8.7472 heating
373.265 86.3248 12.2341 8.7472 the

53.8594 98.2302 27.6861 8.7472 system
85.7776 98.2302 7.7808 8.7472 to
97.7397 98.2302 9.9626 8.7472 85
111.741 98.2304 6.6351 8.7472 C
122.513 98.2304 7.7808 8.7472 to
134.475 98.2304 35.1381 8.7472 maintain
173.819 98.2304 9.4346 8.7472 an
187.425 98.2304 35.6551 8.7472 adequate
227.223 98.2304 31.0773 8.7472 ﬂuoride
262.485 98.2304 12.7621 8.7472 ion
279.437 98.2304 57.0180 8.7472 concentration.
340.665 98.2304 7.1531 8.7472 A
352.003 98.2304 33.4803 8.7472 minimal

53.8580 110.192 30.0681 8.7472 amount
86.7963 110.192 8.2988 8.7472 of
98.0212 110.192 12.4532 8.7472 2.2
113.441 110.192 31.0136 8.7472 ﬂuoride
147.456 110.192 16.5977 8.7472 ions
166.958 110.192 12.7521 8.7472 per
182.662 110.192 21.4594 8.7472 AGU
207.096 110.192 6.6351 8.7472 is
216.677 110.192 30.8861 8.7472 needed.
250.466 110.192 8.2988 8.7472 In
261.691 110.192 12.2341 8.7472 the
276.885 110.192 17.1954 8.7472 case
297.011 110.192 8.2988 8.7472 of
308.236 110.192 25.5112 8.7472 TBAF
335.394 109.315 7.6712 9.9626 Â
344.748 110.192 12.1344 8.7472 3H
356.938 114.092 3.7359 5.8308 2
360.680 110.192 9.6438 8.7472 O,
373.266 110.192 12.2341 8.7472 the

53.8590 122.154 30.5852 8.7472 relation
88.2140 122.154 33.2751 8.7472 between
125.234 122.154 12.2341 8.7472 the
141.164 122.154 31.0773 8.7472 ﬂuoride
175.915 122.154 16.5977 8.7472 ions
196.268 122.154 14.4159 8.7472 and
214.353 122.154 21.4594 8.7472 AGU
239.581 122.154 32.6674 8.7472 depends
275.978 122.154 9.9626 8.7472 on
289.640 122.154 12.2341 8.7472 the
305.571 122.154 12.6525 8.7472 DP
321.898 122.154 8.2988 8.7472 of
333.917 122.154 12.2341 8.7472 the
349.847 122.154 35.5565 8.7472 cellulose

53.8590 134.116 11.6064 8.7472 (as
68.5419 134.116 16.0697 8.7472 also
87.6472 134.116 27.1481 8.7472 known
117.808 134.116 11.6164 8.7472 for
132.490 134.116 54.6249 8.7472 DMAc/LiCl).
190.204 134.116 22.4059 8.7472 Thus,
215.658 134.116 11.6164 8.7472 for
230.341 134.116 65.1843 8.7472 microcrystalline
298.541 134.116 35.6422 8.7472 cellulose
337.262 134.116 32.5339 8.7472 (Avicel,
372.808 134.116 12.6525 8.7472 DP

53.8590 146.078 18.2614 8.7472 332)
75.7419 146.078 4.4533 8.7472 a
83.7359 146.078 18.4388 8.7472 ratio
105.732 146.078 8.2988 8.7472 of
117.637 146.078 12.7621 8.7472 1:1
133.965 146.078 58.9646 8.7472 (salt/cellulose)
196.610 146.078 6.6351 8.7472 is
206.814 146.078 48.0855 8.7472 appropriate,
258.518 146.078 32.7271 8.7472 whereas
294.858 146.078 11.6164 8.7472 for
310.052 146.078 26.1100 8.7472 spruce
339.702 146.078 24.4652 8.7472 sulﬁte
367.708 146.078 17.7434 8.7472 pulp

53.8590 158.040 15.9700 8.7472 (DP
72.6814 158.040 18.2614 8.7472 600)
93.7712 158.040 14.4159 8.7472 and
111.005 158.040 24.9962 8.7472 cotton
138.841 158.040 24.9862 8.7472 linters
166.676 158.040 15.9700 8.7472 (DP
185.497 158.040 25.7334 8.7472 1,198)
214.070 158.040 4.4533 8.7472 a
221.327 158.040 18.3511 8.7472 ratio
242.529 158.040 8.2988 8.7472 of
253.641 158.040 12.7621 8.7472 3:1
269.231 158.040 6.6351 8.7472 is
278.642 158.040 30.8861 8.7472 needed.

65.8211 170.003 23.8405 8.7472 These
94.9607 170.003 26.0223 8.7472 results
126.311 170.003 21.6687 8.7472 again
153.239 170.003 47.2735 8.7472 substantiate
205.793 170.003 12.2341 8.7472 the
223.311 170.003 26.6500 8.7472 simple
255.229 170.003 36.6783 8.7472 approach
297.181 170.003 42.2115 8.7472 mentioned
344.689 170.003 23.8505 8.7472 above
373.885 170.003 11.6164 8.7472 for

53.8590 181.965 32.2390 8.7472 creation
88.4412 181.965 8.2988 8.7472 of
99.0424 181.965 16.5877 8.7472 new
117.920 181.965 32.7481 8.7472 solvents
152.899 181.965 11.6164 8.7472 for
166.845 181.965 38.1498 8.7472 cellulose.
207.267 181.965 40.9762 8.7472 Following
250.579 181.965 18.2515 8.7472 such
271.102 181.965 9.4346 8.7472 an
282.837 181.965 39.1690 8.7472 approach,
324.279 181.965 30.0432 8.7472 another
356.594 181.965 28.9015 8.7472 solvent

53.8590 193.870 15.4420 8.7472 was
78.6340 193.870 23.2427 8.7472 found
111.231 193.870 17.7334 8.7472 very
138.330 193.870 35.0385 8.7472 recently;
182.777 193.870 26.6500 8.7472 almost
218.776 193.870 41.5769 8.7472 anhydrous
269.685 193.870 115.723 8.7472 dibenzyldimethylammonium

53.8590 205.832 31.5207 8.7472 (BMAF
87.0245 204.955 7.6712 9.9626 Â
96.3784 205.832 19.6064 8.7472 0.1H
116.050 209.733 3.7359 5.8308 2
119.792 205.833 10.4707 8.7472 O)
142.752 205.833 7.7808 8.7472 in
162.991 205.833 28.6963 8.7472 DMSO
204.207 205.833 36.5030 8.7472 dissolves
253.246 205.833 65.1843 8.7472 microcrystalline
330.914 205.833 14.4159 8.7472 and
357.843 205.833 27.5964 8.7472 ﬁbrous

53.8586 217.795 39.4947 8.7472 celluloses
96.1509 217.795 24.1205 8.7472 [117].

65.8207 229.757 6.1170 8.7472 It
74.4941 229.757 26.6380 8.7472 should
103.690 229.757 9.4346 8.7472 be
115.766 229.757 29.9775 8.7472 pointed
148.363 229.757 12.7621 8.7472 out
163.727 229.757 15.0336 8.7472 that
181.358 229.757 19.4769 8.7472 clear
203.468 229.757 35.6422 8.7472 cellulose
241.735 229.757 35.9949 8.7472 solutions
280.342 229.757 12.2241 8.7472 are
295.195 229.757 12.7621 8.7472 not
310.558 229.757 44.4671 8.7472 necessarily
357.670 229.757 27.7857 8.7472 molec-

53.8586 241.719 23.3324 8.7472 ularly
80.7875 241.719 40.1991 8.7472 dispersed,
124.610 241.719 12.7621 8.7472 but
140.937 241.719 17.2154 8.7472 may
161.743 241.719 29.5252 8.7472 contain
194.852 241.719 42.8143 8.7472 aggregates
241.226 241.719 8.2988 8.7472 of
253.131 241.719 48.9492 8.7472 still-ordered
305.628 241.719 35.5565 8.7472 cellulose
344.859 241.719 40.6245 8.7472 molecules

53.8586 253.681 24.1195 8.7472 [118].
81.1840 253.681 23.8405 8.7472 These
108.339 253.681 42.7097 8.7472 aggregates
154.373 253.681 19.3773 8.7472 were
176.993 253.681 38.3620 8.7472 described
218.606 253.681 8.2889 8.7472 as
230.114 253.681 32.2430 8.7472 forming
265.547 253.681 4.4533 8.7472 a
273.258 253.681 37.7383 8.7472 “fringed”
314.302 253.681 32.9423 8.7472 micellar
350.473 253.681 34.9388 8.7472 structure

53.8586 265.643 19.0883 8.7472 (Fig.
77.2159 265.643 17.7743 8.7472 21a)
99.2691 265.643 40.5318 8.7472 composed
144.056 265.643 8.2988 8.7472 of
156.641 265.643 32.9523 8.7472 laterally
193.832 265.643 29.4494 8.7472 aligned
227.620 265.643 27.9949 8.7472 chains,
259.935 265.643 32.2430 8.7472 forming
296.444 265.643 4.4533 8.7472 a
305.175 265.643 23.3224 8.7472 rather
332.784 265.643 33.9784 8.7472 compact
371.051 265.643 14.4159 8.7472 and

53.8586 277.606 33.2711 8.7472 possibly
91.9566 277.606 55.1460 8.7472 geometrically
151.936 277.606 44.4840 8.7472 anisotropic
201.258 277.606 17.2054 8.7472 core
223.311 277.606 15.0336 8.7472 that
243.154 277.606 6.6351 8.7472 is
254.606 277.606 44.5816 8.7472 immiscible
304.041 277.606 7.7808 8.7472 in
316.627 277.606 12.2341 8.7472 the
333.691 277.606 31.3922 8.7472 solvent.
369.917 277.606 15.5516 8.7472 The

53.8586 289.511 33.3837 8.7472 solvated
90.4243 289.511 44.3694 8.7472 amorphous
138.045 289.511 35.5565 8.7472 cellulose
176.879 289.511 25.5979 8.7472 chains
205.679 289.511 19.3972 8.7472 form
228.299 289.511 39.9959 8.7472 “coronas”
271.555 289.511 7.2528 8.7472 at
282.043 289.511 17.7434 8.7472 both
303.019 289.511 18.2515 8.7472 ends
324.505 289.511 8.2988 8.7472 of
336.014 289.511 12.2341 8.7472 the
351.491 289.511 33.9924 8.7472 particles

53.8586 301.473 24.1195 8.7472 [119].
80.0503 301.473 15.6214 8.7472 The
97.7379 301.473 37.1984 8.7472 thickness
137.082 301.473 8.2988 8.7472 of
147.514 301.473 12.2341 8.7472 the
161.857 301.473 31.0793 8.7472 coronas
195.022 301.473 14.4159 8.7472 and
211.576 301.473 12.2341 8.7472 the
225.919 301.473 30.5613 8.7472 number
258.630 301.473 8.2988 8.7472 of
269.005 301.473 40.1064 8.7472 molecular
311.241 301.473 25.5043 8.7472 chains
338.907 301.473 32.2430 8.7472 forming
373.263 301.473 12.2341 8.7472 the

53.8586 313.435 38.9747 8.7472 aggregate
95.5840 313.435 32.7471 8.7472 increase
131.129 313.435 8.2889 8.7472 as
142.128 313.435 4.4533 8.7472 a
149.328 313.435 33.3767 8.7472 function
185.441 313.435 8.2988 8.7472 of
196.440 313.435 17.7434 8.7472 both
216.963 313.435 35.5565 8.7472 cellulose
255.287 313.435 54.5273 8.7472 concentration
312.603 313.435 14.4159 8.7472 and
329.780 313.435 12.2341 8.7472 the
344.747 313.435 40.7580 8.7472 interfacial

53.8586 325.397 28.8318 8.7472 tension
86.9105 325.397 33.2751 8.7472 between
124.383 325.397 12.2341 8.7472 the
140.768 325.397 28.9015 8.7472 solvent
173.820 325.397 14.4159 8.7472 and
192.415 325.397 30.0572 8.7472 particle
226.657 325.397 17.2054 8.7472 core
248.030 325.397 24.1204 8.7472 [120].
276.320 325.397 56.5069 8.7472 Monodisperse
336.981 325.397 36.0646 8.7472 solutions
377.176 325.397 8.2988 8.7472 of

53.8586 337.359 35.5565 8.7472 cellulose
91.7852 337.359 40.6245 8.7472 molecules
134.701 337.359 17.7334 8.7472 with
154.769 337.359 21.6687 8.7472 small
178.750 337.359 19.1581 8.7472 (Fig.
200.182 337.359 20.7750 8.7472 21b),
223.199 337.359 14.4159 8.7472 and
239.924 337.359 20.0049 8.7472 large
262.261 337.359 19.1581 8.7472 (Fig.
283.690 337.359 17.7743 8.7472 21c)
303.703 337.359 12.6525 8.7472 DP
318.670 337.359 37.2133 8.7472 produced
358.184 337.359 27.2676 8.7472 typical

53.8586 349.321 34.1936 8.7472 features.
90.5389 349.321 15.6214 8.7472 The
108.623 349.321 25.0719 8.7472 length
136.175 349.321 8.2988 8.7472 of
147.003 349.321 12.2341 8.7472 the
161.800 349.321 19.9152 8.7472 short
184.250 349.321 35.5565 8.7472 cellulose
222.403 349.321 21.6687 8.7472 chain
246.611 349.321 6.6351 8.7472 is
255.738 349.321 42.3769 8.7472 practically
300.696 349.321 21.6687 8.7472 equal
324.903 349.321 7.7808 8.7472 to
335.164 349.321 9.4346 8.7472 its
347.126 349.321 38.3361 8.7472 persistent

53.8586 361.283 27.4868 8.7472 length,
84.7556 361.283 18.0423 8.7472 (i.e.,
106.185 361.283 20.0049 8.7472 there
129.599 361.283 6.6351 8.7472 is
139.633 361.283 27.7857 8.7472 neither
170.871 361.283 21.6687 8.7472 chain
195.929 361.283 27.7957 8.7472 coiling
227.167 361.283 13.2801 8.7472 nor
243.777 361.283 42.9189 8.7472 interaction
290.095 361.283 17.7334 8.7472 with
311.242 361.283 20.5329 8.7472 other
335.166 361.283 31.4031 8.7472 chains).
369.918 361.283 15.5516 8.7472 The

53.8586 373.246 38.9697 8.7472 ﬂexibility
95.5272 373.246 8.2988 8.7472 of
106.525 373.246 12.2341 8.7472 the
121.492 373.246 17.7434 8.7472 long
141.958 373.246 21.6687 8.7472 chain
166.336 373.246 33.3956 8.7472 polymer
202.393 373.246 26.1160 8.7472 allows
231.192 373.246 12.2341 8.7472 the
246.159 373.246 39.4987 8.7472 formation
288.338 373.246 8.2988 8.7472 of
299.337 373.246 24.8965 8.7472 strong
326.946 373.246 58.4486 8.7472 intramolecular

53.8586 385.151 37.7244 8.7472 hydrogen
93.6004 385.151 26.2515 8.7472 bonds,
121.946 385.151 35.4768 8.7472 provided
159.532 385.151 15.0336 8.7472 that
176.596 385.151 12.2341 8.7472 the
190.883 385.151 14.3063 8.7472 OH
207.267 385.151 27.0783 8.7472 groups
236.407 385.151 23.8405 8.7472 reside
262.316 385.151 11.6164 8.7472 for
275.978 385.151 21.0510 8.7472 some
299.108 385.151 17.8331 8.7472 time
319.008 385.151 25.5142 8.7472 within
346.560 385.151 4.4533 8.7472 a
353.080 385.151 32.4243 8.7472 “critical

53.8582 547.139 13.9302 7.5706 Fig.
70.9225 547.139 8.4682 7.5706 21
85.3794 547.207 32.0775 7.4351 Cellulose
120.642 547.207 32.9582 7.4351 structures
156.756 547.207 6.6137 7.4351 in
166.507 547.207 29.7149 7.4351 solution:
199.332 547.207 9.9061 7.4351 (a)
212.371 547.207 32.0775 7.4351 “fringed”
247.578 547.207 27.9281 7.4351 micellar
278.703 547.207 31.8150 7.4351 structure,
313.682 547.207 9.5996 7.4351 (b,
326.381 547.139 6.6187 7.5706 c)
336.133 547.207 27.7672 7.4351 possible
367.087 547.207 18.4183 7.4351 chain

53.8591 557.185 49.0139 7.4351 conformations
104.939 557.185 7.0540 7.4351 of
114.067 557.185 33.4833 7.4351 celluloses
149.613 557.185 7.0540 7.4351 of
158.684 557.185 29.2576 7.4351 different
190.035 557.185 12.8717 7.4351 DP.
204.945 557.185 50.0555 7.4351 Intramolecular
257.102 557.185 32.0098 7.4351 hydrogen
291.175 557.185 27.7842 7.4351 bonding
320.996 557.185 5.6398 7.4351 is
328.706 557.185 27.7672 7.4351 possible
358.527 557.185 9.8739 7.4351 for
370.432 557.185 15.0819 7.4351 high

53.8591 567.163 34.0168 7.4351 molecular
90.3130 567.163 23.0928 7.4351 weight
115.768 567.163 30.2230 7.4351 cellulose
148.423 567.163 9.3955 7.4351 (c)

53.8591 36.9725 34.4571 7.4351 Cellulose:
90.7093 36.9725 31.1122 7.4351 Structure
124.214 36.9725 12.2535 7.4351 and
138.898 36.9725 34.3724 7.4351 Properties

377.064 36.9725 8.4682 7.4351 25

53.8582 62.4003 37.3089 8.7472 distance”
93.9387 62.4003 8.2988 8.7472 of
104.937 62.4003 18.3411 8.7472 each
126.084 62.4003 20.6086 8.7472 other
149.441 62.4003 14.7148 8.7472 (ca.
166.902 62.4003 12.4532 8.7472 0.3
182.096 62.4003 18.6480 8.7472 nm),
203.469 62.4003 37.2003 8.7472 sufﬁcient
243.437 62.4003 11.6164 8.7472 for
257.780 62.4003 14.4159 8.7472 van
274.958 62.4003 12.7521 8.7472 der
290.491 62.4003 24.9762 8.7472 Waals
318.270 62.4003 24.4462 8.7472 forces
345.426 62.4003 7.7808 8.7472 to
355.971 62.4003 29.5331 8.7472 operate

53.8582 74.3624 19.0883 8.7472 (Fig.
77.2155 74.3624 17.7743 8.7472 21c)
99.2119 74.3624 24.1205 8.7472 [121].
127.558 74.3624 10.9887 8.7472 As
142.808 74.3624 4.4533 8.7472 a
151.538 74.3624 24.6774 8.7472 result,
180.507 74.3624 12.2341 8.7472 the
196.948 74.3624 39.9849 8.7472 properties
241.224 74.3624 8.2988 8.7472 of
253.753 74.3624 35.6422 8.7472 cellulose
293.665 74.3624 18.4607 8.7472 (DP,
316.398 74.3624 50.3878 8.7472 crystallinity,
371.049 74.3624 14.4159 8.7472 and

53.8582 86.3245 57.8448 8.7472 concentration)
114.859 86.3245 22.7944 8.7472 affect
140.823 86.3245 9.4346 8.7472 its
153.409 86.3245 32.1593 8.7472 solution
188.728 86.3245 18.3411 8.7472 state
210.215 86.3245 16.9065 8.7472 and,
230.283 86.3245 25.9048 8.7472 hence,
259.254 86.3245 9.4346 8.7472 its
271.839 86.3245 57.6546 8.7472 derivatization.
332.613 86.3245 13.7982 8.7472 For
349.565 86.3245 12.2341 8.7472 the
364.928 86.3245 20.5230 8.7472 same

53.8582 98.2298 38.1498 8.7472 cellulose,
96.0369 98.2298 12.2341 8.7472 the
112.307 98.2298 49.5629 8.7472 accessibility
165.881 98.2298 8.2988 8.7472 of
178.183 98.2298 12.2341 8.7472 the
194.454 98.2298 14.3063 8.7472 OH
212.822 98.2298 27.0783 8.7472 groups
243.946 98.2298 36.6913 8.7472 increases
284.650 98.2298 17.7334 8.7472 with
306.421 98.2298 42.7953 8.7472 decreasing
353.248 98.2298 32.2290 8.7472 solution

53.8582 110.191 57.0180 8.7472 concentration.
115.198 110.191 13.7982 8.7472 For
133.284 110.191 34.4208 8.7472 different
172.061 110.191 41.9854 8.7472 celluloses,
218.265 110.191 7.2528 8.7472 at
229.830 110.191 4.4533 8.7472 a
238.560 110.191 22.1967 8.7472 given
265.036 110.191 57.0180 8.7472 concentration,
326.377 110.191 17.7434 8.7472 only
348.373 110.191 12.2341 8.7472 the
364.927 110.191 20.5329 8.7472 outer

53.8582 122.154 28.8118 8.7472 surface
85.3221 122.154 8.2988 8.7472 of
96.1504 122.154 12.2341 8.7472 the
110.946 122.154 28.8318 8.7472 fringed
142.410 122.154 32.9423 8.7472 micellar
177.900 122.154 17.2054 8.7472 core
197.686 122.154 6.6351 8.7472 is
206.870 122.154 40.6195 8.7472 accessible
250.070 122.154 14.4159 8.7472 and
267.078 122.154 12.2341 8.7472 the
281.875 122.154 16.6774 8.7472 area
301.150 122.154 8.2988 8.7472 of
312.036 122.154 14.4159 8.7472 this
328.987 122.154 15.5516 8.7472 part
347.129 122.154 38.3221 8.7472 decreases

53.8582 134.116 17.7334 8.7472 with
74.4379 134.116 12.6525 8.7472 DP
89.9148 134.116 14.4159 8.7472 and
107.149 134.116 50.3878 8.7472 crystallinity.

65.8203 146.078 41.6746 8.7472 Regarding
113.498 146.078 36.1742 8.7472 chemical
155.733 146.078 53.0877 8.7472 modiﬁcation,
214.807 146.078 47.8872 8.7472 molecularly
268.720 146.078 37.7244 8.7472 dispersed
312.430 146.078 35.9949 8.7472 solutions
354.495 146.078 12.2241 8.7472 are
372.694 146.078 12.7621 8.7472 not

53.8582 158.040 30.8861 8.7472 needed.
87.4770 158.040 41.8808 8.7472 Moreover,
132.150 158.040 8.2889 8.7472 as
143.205 158.040 4.4533 8.7472 a
150.405 158.040 22.1867 8.7472 result
175.406 158.040 8.2988 8.7472 of
186.461 158.040 12.2341 8.7472 the
201.428 158.040 28.3037 8.7472 change
232.552 158.040 7.7808 8.7472 in
243.096 158.040 35.0325 8.7472 structure
280.910 158.040 8.2988 8.7472 of
291.965 158.040 12.2341 8.7472 the
306.988 158.040 35.5565 8.7472 cellulose
345.369 158.040 40.1264 8.7472 derivative

53.8582 170.002 39.5067 8.7472 compared
95.4132 170.002 17.7334 8.7472 with
115.198 170.002 12.2341 8.7472 the
129.485 170.002 30.0472 8.7472 starting
161.572 170.002 35.4469 8.7472 material,
199.047 170.002 14.4159 8.7472 and
215.544 170.002 46.6638 8.7472 considering
264.242 170.002 12.2341 8.7472 the
278.585 170.002 15.1432 8.7472 DS,
295.763 170.002 12.2341 8.7472 the
310.049 170.002 34.4905 8.7472 different
346.615 170.002 38.8681 8.7472 structures

53.8582 181.964 28.8318 8.7472 formed
86.2865 181.964 26.0422 8.7472 during
115.822 181.964 12.2341 8.7472 the
131.640 181.964 26.0223 8.7472 course
161.233 181.964 8.2988 8.7472 of
173.024 181.964 32.2390 8.7472 reaction
208.854 181.964 18.8692 8.7472 have
231.247 181.964 34.4905 8.7472 different
269.287 181.964 46.7575 8.7472 interactions
319.572 181.964 17.7334 8.7472 with
340.831 181.964 12.2341 8.7472 the
356.592 181.964 28.9015 8.7472 solvent

53.8582 193.869 50.8103 8.7472 components.
107.488 193.869 8.2988 8.7472 In
118.600 193.869 21.1207 8.7472 some
142.524 193.869 21.1267 8.7472 cases
166.448 193.869 12.2341 8.7472 the
181.528 193.869 32.2390 8.7472 reaction
216.678 193.869 31.5217 8.7472 systems
251.089 193.869 13.8879 8.7472 can
267.814 193.869 31.1032 8.7472 become
301.829 193.869 83.6739 8.7472 microheterogeneous,

53.8582 205.831 14.4159 8.7472 and
71.0925 205.831 33.2711 8.7472 possibly
107.149 205.831 18.8692 8.7472 even
128.862 205.831 36.7779 8.7472 complete
168.490 205.831 32.2489 8.7472 gelation
203.583 205.831 8.2988 8.7472 or
214.694 205.831 50.6857 8.7472 precipitation
268.211 205.831 13.8879 8.7472 can
284.935 205.831 24.7710 8.7472 occur.

53.8582 253.995 14.9439 10.5683 6.2
80.7871 253.995 25.8828 10.5683 Ionic
110.041 253.995 37.2162 10.5683 Liquids

53.8582 283.446 15.5516 8.7472 The
76.5351 283.446 15.4520 8.7472 ﬁrst
99.1552 283.446 20.0149 8.7472 ionic
126.311 283.446 27.2497 8.7472 liquids
160.667 283.446 19.9850 8.7472 (ILs)
187.766 283.446 18.2515 8.7472 used
213.165 283.446 11.6164 8.7472 for
231.873 283.446 51.8085 8.7472 esteriﬁcation
290.776 283.446 8.2988 8.7472 of
306.196 283.446 35.6711 8.7472 cellulose
348.999 283.446 19.3773 8.7472 were
375.532 283.466 9.9506 8.7671 N-

53.8582 295.408 64.5148 8.7472 alkylpyridinium
122.909 295.408 30.8930 8.7472 halides,
158.284 295.408 40.1134 8.7472 especially
202.903 295.428 74.5282 8.7671 N-ethylpyridinium
281.989 295.408 32.7670 8.7472 chloride
319.292 295.408 32.7570 8.7472 (EPyCl)
356.539 295.408 14.4159 8.7472 and
375.532 295.428 9.9506 8.7671 N-

53.8582 307.370 71.2196 8.7472 benzylpyridinium
128.862 307.370 32.8427 8.7472 chloride
165.543 307.370 33.2721 8.7472 (BPyCl)
202.618 307.370 24.1205 8.7472 [122].
230.568 307.370 54.1298 8.7472 Nevertheless,
288.508 307.370 12.2341 8.7472 the
304.608 307.370 19.3972 8.7472 most
327.852 307.370 40.5408 8.7472 promising
372.185 307.370 13.2702 8.7472 ILs

53.8582 319.275 11.6164 8.7472 for
68.8250 319.275 12.2341 8.7472 the
84.3587 319.275 50.6030 8.7472 modiﬁcation
138.329 319.275 8.2988 8.7472 of
149.951 319.275 35.5565 8.7472 cellulose
188.899 319.275 12.2241 8.7472 are
204.489 319.275 12.2341 8.7472 the
220.023 319.275 17.8032 8.7472 salts
241.112 319.275 8.2988 8.7472 of
252.734 319.275 121.147 8.7472 1-alkyl-3-methylimidazolium.
377.173 319.275 8.2988 8.7472 In

53.8582 331.237 22.4158 8.7472 2002,
79.7670 331.237 5.5990 8.7472 it
88.7811 331.237 15.4420 8.7472 was
107.716 331.237 26.0143 8.7472 shown
137.139 331.237 15.0336 8.7472 that
155.678 331.237 18.2515 8.7472 such
177.391 331.237 13.2702 8.7472 ILs
194.172 331.237 22.1967 8.7472 could
219.854 331.237 19.3972 8.7472 open
242.701 331.237 16.5877 8.7472 new
262.770 331.237 21.1267 8.7472 paths
287.317 331.237 11.6164 8.7472 for
302.398 331.237 12.2341 8.7472 the
318.102 331.237 31.1092 8.7472 shaping
352.628 331.237 8.2988 8.7472 of
364.420 331.237 21.0609 8.7472 poly-

53.8582 343.199 46.1517 8.7472 saccharides
104.370 343.199 20.8029 8.7472 [123,
129.543 343.199 20.7750 8.7472 124].
154.657 343.199 53.0767 8.7472 Additionally,
212.144 343.199 17.2154 8.7472 they
233.743 343.199 22.2724 8.7472 could
260.333 343.199 16.7730 8.7472 lead
281.422 343.199 7.7808 8.7472 to
293.612 343.199 55.1400 8.7472 commercially
353.138 343.199 32.3356 8.7472 relevant

53.8582 355.161 24.3685 8.7472 routes
85.0392 355.161 27.7717 8.7472 toward
119.564 355.161 55.5395 8.7472 homogeneous
181.869 355.161 35.6711 8.7472 cellulose
224.332 355.161 41.9973 8.7472 chemistry,
273.087 355.161 24.3685 8.7472 which
304.268 355.161 24.8965 8.7472 would
336.016 355.161 49.4633 8.7472 signiﬁcantly

53.8582 367.123 32.2250 8.7472 broaden
89.4616 367.123 12.2341 8.7472 the
105.052 367.123 30.5613 8.7472 number
138.953 367.123 8.2988 8.7472 of
150.631 367.123 30.5852 8.7472 tailored
184.647 367.123 35.5565 8.7472 cellulose
223.651 367.123 46.4387 8.7472 derivatives.
273.483 367.123 47.5007 8.7472 Meanwhile,
324.336 367.123 4.4533 8.7472 a
332.160 367.123 19.3972 8.7472 huge
354.950 367.123 30.4955 8.7472 number

53.8582 379.086 8.2988 8.7472 of
64.6866 379.086 80.0983 8.7472 cellulose-dissolving
147.287 379.086 13.2702 8.7472 ILs
163.160 379.086 12.2241 8.7472 are
177.957 379.086 17.1157 8.7472 now
197.629 379.086 27.1481 8.7472 known
227.280 379.086 14.4159 8.7472 and
244.288 379.086 38.2594 8.7472 discussed
285.050 379.086 7.7808 8.7472 in
295.368 379.086 29.4146 8.7472 various
327.343 379.086 24.4582 8.7472 recent
354.442 379.086 30.9936 8.7472 reviews

53.8582 391.048 20.2241 8.7472 (e.g.,
77.1588 391.048 21.6298 8.7472 [125]
101.820 391.048 14.4159 8.7472 and
119.281 391.048 41.1376 8.7472 references
163.444 391.048 19.4868 8.7472 cited
186.064 391.048 33.5939 8.7472 therein),
222.744 391.048 14.4159 8.7472 and
240.205 391.048 12.2341 8.7472 the
255.512 391.048 30.5613 8.7472 number
289.074 391.048 8.3636 8.7472 of
300.469 391.048 33.2850 8.7472 reported
336.865 391.048 14.9339 8.7472 low
354.837 391.048 30.5951 8.7472 melting

53.8582 403.010 30.0432 8.7472 organic
86.6830 403.010 17.7235 8.7472 salts
107.262 403.010 6.6351 8.7472 is
116.673 403.010 33.2711 8.7472 growing
152.730 403.010 28.3137 8.7472 rapidly
183.854 403.010 19.1581 8.7472 (Fig.
205.794 403.010 15.7857 8.7472 22).
224.390 403.010 54.1298 8.7472 Nevertheless,
281.309 403.010 39.4987 8.7472 according
323.601 403.010 7.7808 8.7472 to
334.202 403.010 12.2341 8.7472 the
349.226 403.010 36.1742 8.7472 literature

53.8582 414.915 20.8019 8.7472 [126,
80.1635 414.915 18.2844 8.7472 127]
103.974 414.915 14.4159 8.7472 and
123.873 414.915 13.3449 8.7472 our
142.695 414.915 17.1157 8.7472 own
165.372 414.915 45.9146 8.7472 experience,
216.791 414.915 35.6422 8.7472 cellulose
257.950 414.915 13.8879 8.7472 can
277.395 414.915 9.4346 8.7472 be
292.361 414.915 37.7244 8.7472 dissolved
335.618 414.915 7.7808 8.7472 in
348.884 414.915 13.2702 8.7472 ILs
367.707 414.915 17.7334 8.7472 with

53.8582 426.877 53.2013 8.7472 imidazolium,
111.627 426.877 48.1343 8.7472 ammonium,
164.351 426.877 14.4159 8.7472 and
183.343 426.877 46.9717 8.7472 pyridinium.
234.933 426.877 19.9152 8.7472 Only
259.424 426.877 30.0432 8.7472 organic
294.063 426.877 17.7235 8.7472 salts
316.400 426.877 17.7334 8.7472 with
338.737 426.877 46.6549 8.7472 asymmetric

53.8582 438.839 28.3037 8.7472 cations
85.3221 438.839 17.2154 8.7472 give
105.674 438.839 21.6687 8.7472 melts
130.448 438.839 15.0336 8.7472 that
148.590 438.839 13.8879 8.7472 can
165.598 438.839 30.1568 8.7472 interact
198.821 438.839 17.7334 8.7472 with
219.683 438.839 12.2341 8.7472 the
235.047 438.839 38.3470 8.7472 backbone
276.488 438.839 8.2988 8.7472 of
287.883 438.839 38.1498 8.7472 cellulose.
329.099 438.839 29.9575 8.7472 Neither
362.206 438.839 23.2328 8.7472 sulfo-

53.8582 450.801 20.5429 8.7472 nium
76.6487 450.801 13.2801 8.7472 nor
92.1256 450.801 54.3310 8.7472 phosphonium
148.704 450.801 17.7235 8.7472 salts
168.660 450.801 18.8692 8.7472 have
189.806 450.801 8.8169 8.7472 so
200.805 450.801 11.0884 8.7472 far
214.128 450.801 18.8692 8.7472 been
235.218 450.801 16.6874 8.7472 able
254.153 450.801 7.7808 8.7472 to
264.130 450.801 32.7321 8.7472 dissolve
299.110 450.801 38.1498 8.7472 cellulose.
339.475 450.801 45.9475 8.7472 Dissolution

53.8582 462.763 8.2988 8.7472 of
65.0831 462.763 35.5565 8.7472 cellulose
103.633 462.763 7.7808 8.7472 in
114.348 462.763 44.4740 8.7472 pyridinium
161.742 462.763 17.7235 8.7472 salts
182.434 462.763 19.3972 8.7472 must
204.771 462.763 9.4346 8.7472 be
217.130 462.763 41.5839 8.7472 performed
261.690 462.763 22.7147 8.7472 under
287.371 462.763 40.1264 8.7472 protective
330.401 462.763 13.2702 8.7472 gas
346.615 462.763 38.8502 8.7472 otherwise

53.8582 474.726 47.2835 8.7472 degradation
103.974 474.726 26.0223 8.7472 results
132.830 474.726 21.6298 8.7472 [128]

65.8203 486.688 120.192 8.7472 1-Ethyl-3-methylimidazolium
188.559 486.688 27.9810 8.7472 acetate
219.003 486.688 45.3976 8.7472 (EMIMAc)
266.908 486.688 13.2702 8.7472 ILs
282.669 486.688 18.8692 8.7472 have
304.098 486.688 12.2341 8.7472 the
318.838 486.688 40.5378 8.7472 advantage
361.924 486.688 8.2988 8.7472 of
372.696 486.688 12.8338 8.7472 not

53.8582 498.650 27.1780 8.7472 having
85.2085 498.650 4.4533 8.7472 a
93.7694 498.650 31.8146 8.7472 reactive
129.712 498.650 16.0697 8.7472 side
149.951 498.650 25.7334 8.7472 group,
179.828 498.650 18.2515 8.7472 such
202.278 498.650 8.2889 8.7472 as
214.693 498.650 12.2341 8.7472 the
231.077 498.650 46.1358 8.7472 unsaturated
281.364 498.650 33.3767 8.7472 function
318.838 498.650 8.2988 8.7472 of
331.253 498.650 12.2341 8.7472 the
347.638 498.650 37.8300 8.7472 1-allyl-3-

53.8582 510.555 78.5023 8.7472 methylimidazolium
139.349 510.555 34.7396 8.7472 (AMIM)
181.017 510.555 15.2527 8.7472 ion.
203.184 510.555 41.8808 8.7472 Moreover,
251.940 510.555 38.7645 8.7472 EMIMAc
297.635 510.555 6.6351 8.7472 is
311.127 510.555 43.3333 8.7472 considered
361.356 510.555 7.7808 8.7472 to
376.040 510.555 9.4346 8.7472 be

53.8582 522.517 37.5152 8.7472 nontoxic,
94.8464 522.517 54.6379 8.7472 noncorrosive,
153.012 522.517 14.4159 8.7472 and
170.926 522.517 18.8692 8.7472 even
193.319 522.517 59.1918 8.7472 biodegradable.
256.078 522.517 39.0863 8.7472 However,
298.597 522.517 38.7625 8.7472 EMIMAc
340.890 522.517 23.3125 8.7472 reacts
367.706 522.517 17.7334 8.7472 with

53.8582 534.479 12.2341 8.7472 the
70.4121 534.479 34.9488 8.7472 reducing
109.699 534.479 14.4159 8.7472 end
128.465 534.479 27.0783 8.7472 groups
159.872 534.479 8.2988 8.7472 of
172.458 534.479 54.3071 8.7472 cellodextrins,
231.021 534.479 39.4987 8.7472 according
274.786 534.479 7.7808 8.7472 to
286.862 534.479 12.2341 8.7472 the
303.416 534.479 31.7219 8.7472 formula
339.415 534.479 33.9784 8.7472 depicted
377.682 534.479 7.7808 8.7472 in

53.8582 546.441 15.7708 8.7472 Fig.
72.4534 546.441 12.4682 8.7472 23,
87.7032 546.441 25.5242 8.7472 giving
116.105 546.441 4.4533 8.7472 a
123.362 546.441 64.0685 8.7472 hemiacetal-type
190.316 546.441 34.9388 8.7472 structure
228.130 546.441 44.0775 8.7472 [129–131].

53.8582 36.8575 8.4682 7.4351 26

351.722 36.8575 7.3165 7.4351 T.
361.416 36.8575 24.0497 7.4351 Heinze

65.8204 523.937 15.5516 8.7472 The
84.6417 523.937 43.8574 8.7472 dissolution
131.809 523.937 45.5191 8.7472 mechanism
180.678 523.937 6.6351 8.7472 is
190.599 523.937 15.0336 8.7472 still
208.910 523.937 12.2341 8.7472 the
224.443 523.937 28.3037 8.7472 subject
256.078 523.937 8.2988 8.7472 of
267.643 523.937 32.7530 8.7472 ongoing
303.643 523.937 35.8743 8.7472 research.
342.760 523.937 42.7047 8.7472 1-Alkyl-3-

53.8583 535.899 104.654 8.7472 methylimidazolium-based
161.233 535.899 13.2702 8.7472 ILs
177.163 535.899 20.0149 8.7472 yield
199.840 535.899 19.5626 8.7472 clear
222.063 535.899 35.9949 8.7472 solutions
260.784 535.899 18.3411 8.7472 after
281.817 535.899 9.9626 8.7472 15
294.460 535.899 15.5616 8.7472 min
312.658 535.899 30.5772 8.7472 without
345.880 535.899 39.5993 8.7472 activation

53.8583 547.861 8.2988 8.7472 of
65.8204 547.861 12.2341 8.7472 the
81.7506 547.861 38.1328 8.7472 cellulose.
123.589 547.861 15.5516 8.7472 The
142.865 547.861 37.8360 8.7472 solubility
184.364 547.861 8.2988 8.7472 of
196.383 547.861 35.5565 8.7472 cellulose
235.670 547.861 7.7808 8.7472 in
247.179 547.861 18.2515 8.7472 such
269.119 547.861 13.2702 8.7472 ILs
286.127 547.861 6.6351 8.7472 is
296.445 547.861 30.5852 8.7472 directly
330.743 547.861 27.3493 8.7472 related
361.754 547.861 7.7808 8.7472 to
373.263 547.861 12.2341 8.7472 the

53.8583 559.823 24.9962 8.7472 length
83.5080 559.823 8.2988 8.7472 of
96.4335 559.823 12.2341 8.7472 the
113.271 559.823 20.0149 8.7472 alkyl
137.932 559.823 24.1593 8.7472 chain.
166.732 559.823 16.9065 8.7472 But,
188.275 559.823 12.2341 8.7472 the
205.113 559.823 37.8280 8.7472 solubility
247.576 559.823 18.2515 8.7472 does
270.423 559.823 12.8268 8.7472 not
287.828 559.823 36.1832 8.7472 regularly
328.588 559.823 34.4865 8.7472 decrease
367.706 559.823 17.7334 8.7472 with

53.8583 571.728 41.1645 8.7472 increasing
97.9079 571.728 24.9962 8.7472 length
125.800 571.728 8.2988 8.7472 of
137.025 571.728 12.2341 8.7472 the
152.162 571.728 20.0149 8.7472 alkyl
175.066 571.728 24.1593 8.7472 chain.
202.165 571.728 12.1344 8.7472 An
217.189 571.728 38.8830 8.7472 odd–even
258.971 571.728 22.7944 8.7472 effect
284.709 571.728 15.4420 8.7472 was
303.020 571.728 45.0947 8.7472 determined
351.039 571.728 11.6164 8.7472 for
365.553 571.728 19.9152 8.7472 short

53.8583 583.690 20.0149 8.7472 alkyl
76.7055 583.690 25.5043 8.7472 chains
105.107 583.690 24.0637 8.7472 [132].

76.2017 272.984 27.9910 7.2904 Chloride
106.187 272.984 35.4802 7.2904 (AMIMCl)

201.650 272.984 27.9423 7.2904 Chloride
231.588 272.984 35.4802 7.2904 (HMIMCl)

64.7056 353.337 108.430 7.2904 1-Butyl-2,3-dimethylimidazolium

64.7056 362.261 26.1448 7.2904 chloride
92.8930 362.261 40.7863 7.2904 (BDMIMCl)

62.7085 197.122 26.5329 7.2904 Formate
91.2840 197.122 43.8606 7.2904 (BMIMFmO)

175.116 197.122 27.9870 7.2904 Chloride
205.098 197.122 35.1009 7.2904 (BMIMCl)

284.163 197.122 46.5603 7.2904 Dicyanoamide
334.762 197.122 38.5712 7.2904 (BMIMdca)

74.1990 122.263 27.9862 7.2904 Chloride
104.179 122.263 34.5883 7.2904 (EMIMCl)

176.743 122.263 26.5656 7.2904 Formate
205.304 122.263 43.4605 7.2904 (EMIMFmO)

280.703 122.263 24.4097 7.2904 Acetate
309.103 122.263 36.4009 7.2904 (EMIMAc)

289.939 100.506 5.7652 7.2904 N

311.529 100.506 5.7652 7.2904 N

270.995 109.891 11.2646 7.2904 CH
281.993 112.714 2.9944 5.4678 3

321.177 109.891 11.2654 7.2904 CH
332.183 112.714 2.9944 5.4678 2
335.175 109.891 11.2646 7.2904 CH
346.173 112.714 2.9944 5.4678 3

301.136 95.8107 4.5036 7.2904 +

321.130 94.0660 11.2646 7.2904 CH
332.128 96.8944 2.9944 5.4678 3
335.127 94.0656 17.2606 7.2904 COO

352.626 90.9032 1.9943 5.4678 -

323.379 162.694 5.7652 7.2904 N
336.973 162.694 5.3261 7.2904 C
350.017 162.694 5.7652 7.2904 N
363.612 162.694 5.3261 7.2904 C
376.710 162.437 5.7652 7.2904 N

382.711 159.280 1.9943 5.4678 -

183.968 99.0132 5.7652 7.2904 N

205.562 99.0132 5.7652 7.2904 N

165.021 108.391 11.2710 7.2904 CH
176.027 111.221 2.9944 5.4678 3

215.211 108.392 11.2582 7.2904 CH
226.209 111.221 2.9944 5.4678 2
229.208 108.392 11.2582 7.2904 CH
240.206 111.221 2.9944 5.4678 3

195.169 94.3174 4.5036 7.2904 +

215.157 92.5726 22.7599 7.2904 HCOO

238.155 89.4037 1.9943 5.4678 -

83.0024 101.501 5.7652 7.2904 N

104.590 101.501 5.7652 7.2904 N

64.0578 110.887 11.2582 7.2904 CH
75.0566 113.709 2.9944 5.4678 3

114.240 110.887 11.2646 7.2904 CH
125.245 113.709 2.9944 5.4678 2
128.231 110.887 11.2702 7.2904 CH
139.235 113.709 2.9944 5.4678 3

94.1986 96.8178 4.5036 7.2904 +

114.192 95.0667 7.7128 7.2904 Cl

121.197 91.9053 1.9943 5.4678 -

57.7072 76.5584 93.5518 7.5858 1-Ethyl-3-methylimidazolium
153.253 76.5584 14.6383 7.5858 salts

101.994 321.590 5.7652 7.2904 N

123.584 321.590 5.7652 7.2904 N

83.0559 330.976 11.2582 7.2904 CH
94.0492 333.799 2.9944 5.4678 3

133.233 330.976 11.2702 7.2904 CH
144.237 333.799 2.9944 5.4678 2
147.229 330.976 13.7647 7.2904 (CH
160.729 333.799 2.9944 5.4678 2
163.728 330.976 2.6590 7.2904 )
166.229 333.799 2.9944 5.4678 2
169.221 330.976 11.2702 7.2904 CH
180.225 333.799 2.9944 5.4678 3

113.041 342.706 11.2646 7.2904 CH
124.046 345.528 2.9944 5.4678 3

113.190 316.906 4.5036 7.2904 +

133.191 315.155 7.7128 7.2904 Cl

140.183 311.992 1.9943 5.4678 -

88.0044 441.169 5.7652 7.2904 N

111.344 414.572 11.2582 7.2904 CH
122.342 417.395 2.9944 5.4678 3

88.2495 454.494 11.2646 7.2904 CH
99.2543 457.318 2.9944 5.4678 2
102.246 454.494 13.7599 7.2904 (CH
115.745 457.318 2.9944 5.4678 2
118.744 454.494 2.6590 7.2904 )
121.245 457.318 2.9944 5.4678 2
124.237 454.494 11.2582 7.2904 CH
135.242 457.318 2.9944 5.4678 3

109.190 435.424 7.7192 7.2904 Cl

116.195 432.268 1.9943 5.4678 -

307.030 432.138 5.7652 7.2904 N

313.981 443.664 11.2646 7.2904 CH
324.985 446.486 2.9944 5.4678 3

320.176 435.574 11.2646 7.2904 CH
331.180 438.410 2.9944 5.4678 3

251.900 420.607 11.2590 7.2904 CH
262.904 423.434 2.9944 5.4678 3
265.891 420.607 13.7663 7.2904 (CH
279.396 423.434 2.9944 5.4678 2
282.389 420.607 2.6590 7.2904 )
284.895 423.434 5.9894 5.4678 12
290.887 420.607 11.2646 7.2904 CH
301.892 423.434 2.9944 5.4678 2

320.626 420.959 7.7192 7.2904 Cl

327.630 417.792 1.9943 5.4678 -

251.150 469.115 90.6564 7.2904 Benzyldimethyl(tetradecyl)-

251.150 478.050 36.2300 7.2904 ammonium
289.304 478.050 26.1616 7.2904 chloride
317.461 478.050 34.6577 7.2904 (BDTACl)

67.7041 468.618 94.1355 7.2904 1-Butyl-3-methylpyridinium-

67.7041 477.554 26.1280 7.2904 chloride
95.8747 477.554 33.7977 7.2904 (BMPyCl)

73.2036 395.809 45.6868 8.5207 Pyridinium
121.238 395.809 17.6517 8.5207 salts

260.146 393.811 47.8072 8.5207 Ammonium
310.303 393.811 17.6517 8.5207 salts

192.968 443.160 5.7652 7.2904 N

193.221 456.491 11.2582 7.2904 CH
204.218 459.314 2.9944 5.4678 2
207.211 456.491 11.2646 7.2904 CH
218.215 459.314 2.9944 5.4678 3

214.161 437.427 7.7128 7.2904 Cl

221.166 434.260 1.9943 5.4678 -

174.672 468.820 63.5510 7.5858 N-Ethylpyridinium-

174.672 478.050 26.1448 7.2904 chloride
202.859 478.050 26.2558 7.2904 (EPyCl)

65.7071 63.9311 50.8720 8.5207 Imidazolium
118.927 63.9311 17.6517 8.5207 salts

274.940 321.093 5.7652 7.2904 N

296.536 321.093 5.7652 7.2904 N

255.996 330.479 11.2654 7.2904 CH
267.001 333.300 2.9944 5.4678 3

306.179 330.479 11.2654 7.2904 CH
317.184 333.300 2.9944 5.4678 2
320.176 330.479 26.7605 7.2904 CH=CH
346.684 333.300 2.9944 5.4678 2

285.987 342.201 11.2646 7.2904 CH
296.998 345.024 2.9944 5.4678 3

286.144 316.403 4.5036 7.2904 +

306.383 314.656 7.6537 7.2904 Br

313.885 311.495 1.9943 5.4678 -

54.7086 222.284 91.7999 7.5858 1-Allyl-3-methylimidazolium
148.504 222.284 11.5361 7.5858 salt

199.968 222.284 95.3652 7.5858 1-Hexyl-3-methylimidazolium
297.328 222.284 14.6383 7.5858 salts

54.7086 148.426 93.5726 7.5858 1-Butyl-3-methylimidazolium
150.276 148.426 11.5361 7.5858 salt

83.5061 247.732 5.7652 7.2904 N

105.094 247.732 5.7652 7.2904 N

64.5550 257.116 11.2654 7.2904 CH
75.5601 259.939 2.9944 5.4678 3

114.738 257.116 11.2702 7.2904 CH
125.742 259.939 2.9944 5.4678 2
128.735 257.116 26.7605 7.2904 CH=CH
155.235 259.939 2.9944 5.4678 2

94.6967 243.035 4.5036 7.2904 +

114.689 241.290 7.7200 7.2904 Cl

121.694 238.129 1.9943 5.4678 -

75.0024 170.377 5.7652 7.2904 N

96.5981 170.377 5.7652 7.2904 N

56.0586 179.761 11.2646 7.2904 CH
67.0626 182.584 2.9944 5.4678 3

106.246 179.762 11.2582 7.2904 CH
117.244 182.584 2.9944 5.4678 2
120.243 179.762 13.7527 7.2904 (CH
133.736 182.584 2.9944 5.4678 2
136.734 179.762 2.6590 7.2904 )
139.235 182.584 2.9944 5.4678 2
142.228 179.762 11.2702 7.2904 CH
153.232 182.584 2.9944 5.4678 3

86.2046 165.681 4.5036 7.2904 +

106.192 163.936 22.7607 7.2904 HCOO

129.190 160.779 1.9943 5.4678 -

186.474 170.377 5.7652 7.2904 N

208.062 170.377 5.7652 7.2904 N

167.529 179.761 11.2590 7.2904 CH
178.528 182.584 2.9944 5.4678 3

217.705 179.762 11.2710 7.2904 CH
228.709 182.584 2.9944 5.4678 2
231.702 179.762 13.7663 7.2904 (CH
245.202 182.584 2.9944 5.4678 2
248.200 179.762 2.6590 7.2904 )
250.701 182.584 2.9944 5.4678 2
253.699 179.762 11.2582 7.2904 CH
264.697 182.584 2.9944 5.4678 3

197.663 165.681 4.5036 7.2904 +

217.665 163.936 7.7128 7.2904 Cl

224.662 160.779 1.9943 5.4678 -

295.438 170.377 5.7652 7.2904 N

317.026 170.377 5.7652 7.2904 N

276.493 179.761 11.2654 7.2904 CH
287.498 182.584 2.9944 5.4678 3

326.677 179.762 11.2654 7.2904 CH
337.676 182.584 2.9944 5.4678 2
340.674 179.762 13.7591 7.2904 (CH
354.179 182.584 2.9944 5.4678 2
357.165 179.762 2.6590 7.2904 )
359.673 182.584 2.9944 5.4678 2
362.665 179.762 11.2646 7.2904 CH
373.669 182.584 2.9944 5.4678 3

306.629 165.681 4.5036 7.2904 +

59.7100 295.640 39.9415 7.5858 Imidazolium
101.673 295.640 14.6159 7.5858 salts
118.278 295.640 13.7368 7.5858 with
134.052 295.640 37.1954 7.5858 substitution
173.236 295.640 6.2052 7.5858 at
181.478 295.640 25.6857 7.5858 position
209.153 295.640 3.9925 7.5858 2

215.960 246.730 5.7652 7.2904 N

237.551 246.730 5.7652 7.2904 N

197.017 256.115 11.2654 7.2904 CH
208.015 258.938 2.9944 5.4678 3

247.199 256.115 11.2646 7.2904 CH
258.203 258.938 2.9944 5.4678 2
261.195 256.115 11.2646 7.2904 CH
272.199 258.938 2.9944 5.4678 2
275.192 256.115 11.2654 7.2904 CH
286.191 258.938 2.9944 5.4678 2
289.189 256.115 11.2646 7.2904 CH
300.187 258.938 2.9944 5.4678 2
303.181 256.115 11.2654 7.2904 CH
314.186 258.938 2.9944 5.4678 2
317.178 256.115 11.2646 7.2904 CH
328.182 258.938 2.9944 5.4678 3

227.150 242.040 4.5036 7.2904 +

247.151 240.295 7.7192 7.2904 Cl

254.154 237.133 1.9943 5.4678 -

237.657 352.337 107.096 7.2904 1-Allyl-2,3-dimethylimidazolium

237.657 361.266 26.5329 7.2904 bromide
266.233 361.266 41.6774 7.2904 (ADMIMBr)

53.8582 496.285 13.9302 7.5706 Fig.
70.1857 496.285 8.4682 7.5706 22
84.6426 496.353 33.4917 7.4351 Examples
120.529 496.353 7.0540 7.4351 of
129.939 496.353 17.0126 7.4351 ionic
149.328 496.353 23.1012 7.4351 liquids
174.840 496.353 26.4377 7.4351 suitable
203.641 496.353 9.8739 7.4351 for
215.943 496.353 34.8297 7.4351 dissolving
253.134 496.353 30.2230 7.4351 cellulose

53.8582 36.9722 34.4571 7.4351 Cellulose:
90.7084 36.9722 31.1122 7.4351 Structure
124.213 36.9722 12.2535 7.4351 and
138.897 36.9722 34.3724 7.4351 Properties

377.064 36.9722 8.4682 7.4351 27

65.8204 179.528 37.7343 8.7472 Although
106.072 179.528 20.1005 8.7472 there
128.692 179.528 6.6351 8.7472 is
137.876 179.528 4.4533 8.7472 a
144.906 179.528 17.7334 8.7472 very
165.202 179.528 17.7434 8.7472 high
185.554 179.528 35.0484 8.7472 potential
223.198 179.528 11.6164 8.7472 for
237.428 179.528 4.4533 8.7472 a
244.401 179.528 47.3483 8.7472 commercial
294.346 179.528 44.5587 8.7472 application
341.514 179.528 8.2988 8.7472 of
352.342 179.528 15.7608 8.7472 ILs,
370.710 179.528 5.5990 8.7472 it
378.874 179.528 6.6351 8.7472 is

53.8583 191.490 27.2577 8.7472 clearly
83.3386 191.490 31.5416 8.7472 obvious
117.014 191.490 15.0336 8.7472 that
134.248 191.490 13.2702 8.7472 ILs
149.668 191.490 16.0697 8.7472 also
167.867 191.490 29.8380 8.7472 possess
199.842 191.490 29.3498 8.7472 various
231.362 191.490 56.0775 8.7472 disadvantages
289.642 191.490 14.4159 8.7472 and
306.196 191.490 27.1680 8.7472 further
335.562 191.490 33.3837 8.7472 research
371.051 191.490 14.4159 8.7472 and

53.8583 203.452 51.7487 8.7472 development
108.453 203.452 6.6351 8.7472 is
117.864 203.452 30.8861 8.7472 needed.

53.8582 251.727 14.9439 10.5683 6.3
80.7871 251.727 43.0623 10.5683 Aqueous
127.219 251.727 29.9953 10.5683 Alkali
160.612 251.727 91.7207 10.5683 (Base)-Containing
255.687 251.727 41.1853 10.5683 Solvents

53.8582 281.178 58.6707 8.7472 Mercerization,
116.162 281.178 12.2341 8.7472 the
132.035 281.178 37.9406 8.7472 treatment
173.533 281.178 8.3636 8.7472 of
185.440 281.178 35.6422 8.7472 cellulose
224.727 281.178 17.7334 8.7472 with
246.043 281.178 32.7481 8.7472 aqueous
282.383 281.178 32.2290 8.7472 solution
318.212 281.178 8.2988 8.7472 of
330.118 281.178 21.5591 8.7472 bases
355.289 281.178 18.2515 8.7472 such
377.172 281.178 8.2889 8.7472 as

53.8582 293.140 28.5120 8.7472 NaOH,
84.9256 293.140 6.6351 8.7472 is
94.1669 293.140 14.4159 8.7472 one
111.175 293.140 8.2988 8.7472 of
122.060 293.140 12.2341 8.7472 the
136.913 293.140 19.3972 8.7472 most
158.909 293.140 38.8940 8.7472 important
200.464 293.140 38.2404 8.7472 processes
241.283 293.140 19.4669 8.7472 prior
263.336 293.140 7.7808 8.7472 to
273.711 293.140 35.5565 8.7472 cellulose
311.922 293.140 55.3622 8.7472 etheriﬁcation.
369.918 293.140 15.5516 8.7472 The

53.8582 305.102 22.7048 8.7472 phase
78.6322 305.102 32.8427 8.7472 diagram
113.555 305.102 44.4701 8.7472 established
160.042 305.102 9.9626 8.7472 by
172.061 305.102 24.8965 8.7472 Sobue
199.047 305.102 7.2528 8.7472 et
208.344 305.102 9.7434 8.7472 al.
220.136 305.102 33.7901 8.7472 suggests
255.965 305.102 15.0336 8.7472 that
273.086 305.102 20.0049 8.7472 there
295.139 305.102 6.6351 8.7472 is
303.869 305.102 4.4533 8.7472 a
310.332 305.102 43.8514 8.7472 dissolution
356.253 305.102 18.8692 8.7472 zone
377.172 305.102 8.2988 8.7472 of

53.8582 317.064 35.5565 8.7472 cellulose
93.4296 317.064 7.7808 8.7472 in
105.164 317.064 32.6674 8.7472 aqueous
141.788 317.064 25.9127 8.7472 NaOH
171.721 317.064 7.2528 8.7472 at
182.889 317.064 4.4533 8.7472 a
191.280 317.064 54.5273 8.7472 concentration
249.786 317.064 8.2988 8.7472 of
261.975 317.064 28.2888 8.7472 7–10%
294.178 317.064 7.2528 8.7472 at
305.402 317.064 51.7368 8.7472 temperatures
361.074 317.064 24.3685 8.7472 below

53.8582 328.969 14.9439 8.7472 268
71.6026 328.969 7.1531 8.7472 K
81.5801 328.969 19.1581 8.7472 (Fig.
103.520 328.969 12.4682 8.7472 24,
118.770 328.969 27.4380 8.7472 [133]).

65.8203 340.932 38.9787 8.7472 Complete
107.205 340.932 43.8514 8.7472 dissolution
153.524 340.932 8.2988 8.7472 of
164.238 340.932 65.0877 8.7472 microcrystalline
231.816 340.932 35.6422 8.7472 cellulose
269.913 340.932 7.7808 8.7472 in
280.117 340.932 32.7481 8.7472 aqueous
315.266 340.932 25.9127 8.7472 NaOH
343.669 340.932 6.6351 8.7472 is
352.740 340.932 32.7570 8.7472 possible

53.8582 352.894 24.1195 8.7472 [134].
82.3742 352.894 39.0863 8.7472 However,
125.913 352.894 24.9862 8.7472 linters
155.337 352.894 35.6422 8.7472 cellulose
195.418 352.894 14.4159 8.7472 had
214.296 352.894 28.4133 8.7472 limited
247.178 352.894 37.8280 8.7472 solubility
289.413 352.894 39.9062 8.7472 (26–37%)
333.747 352.894 35.0345 8.7472 applying
373.205 352.894 12.2341 8.7472 the

53.8582 364.856 20.5230 8.7472 same
77.6120 364.856 42.5154 8.7472 procedure.
123.249 364.856 31.7219 8.7472 Kamide
158.114 364.856 14.4159 8.7472 and
175.689 364.856 41.5620 8.7472 coworkers
220.419 364.856 18.8692 8.7472 have
242.473 364.856 29.5252 8.7472 applied
275.127 364.856 23.4021 8.7472 steam
301.658 364.856 38.8701 8.7472 explosion
343.725 364.856 41.7762 8.7472 treatments

53.8582 376.818 7.7808 8.7472 in
65.4238 376.818 21.0510 8.7472 order
90.3114 376.818 7.7808 8.7472 to
101.933 376.818 32.6674 8.7472 dissolve
138.443 376.818 17.7434 8.7472 pulp
159.986 376.818 30.6549 8.7472 directly
194.455 376.818 7.7808 8.7472 in
206.021 376.818 25.9127 8.7472 NaOH
235.841 376.818 44.0765 8.7472 [135–139].
283.690 376.818 8.2988 8.7472 In
295.822 376.818 36.1742 8.7472 technical
335.847 376.818 28.6066 8.7472 papers,
368.219 376.818 17.2154 8.7472 they

53.8582 388.780 22.2863 8.7472 claim
78.3493 388.780 15.0336 8.7472 that
95.5268 388.780 4.4533 8.7472 a
102.103 388.780 32.2290 8.7472 solution
136.458 388.780 8.2988 8.7472 of
146.890 388.780 13.2801 8.7472 5%
162.310 388.780 8.2988 8.7472 of
172.741 388.780 63.4309 8.7472 steam-exploded
238.334 388.780 35.5565 8.7472 cellulose
276.091 388.780 7.7808 8.7472 in
286.012 388.780 20.7521 8.7472 9.1%
308.916 388.780 25.9127 8.7472 NaOH
337.036 388.780 7.2528 8.7472 at
346.446 388.780 4.9813 8.7472 4
355.407 388.781 9.1257 8.7472 C,
366.689 388.781 18.7795 8.7472 spun

53.8598 400.743 15.5616 8.7472 into
72.2279 400.743 18.2614 8.7472 20%
93.3177 400.743 7.1531 8.7472 H
100.516 404.586 3.7359 5.8308 2
104.258 400.743 12.6525 8.7472 SO
116.957 404.586 3.7359 5.8308 4
123.477 400.743 7.2528 8.7472 at
133.511 400.743 4.9813 8.7472 5
142.525 400.743 9.1257 8.7472 C,
154.431 400.743 29.4494 8.7472 yielded
186.745 400.743 22.1508 8.7472 ﬁbers
211.690 400.743 12.7621 8.7472 but
227.280 400.743 8.2988 8.7472 of
238.392 400.743 18.2614 8.7472 poor
259.481 400.743 30.3760 8.7472 quality.

65.8209 412.705 38.1498 8.7472 Recently,
106.071 412.705 12.2341 8.7472 the
120.414 412.705 43.8514 8.7472 dissolution
166.392 412.705 14.4159 8.7472 and
182.889 412.705 50.6030 8.7472 modiﬁcation
235.612 412.705 8.3636 8.7472 of
246.044 412.705 35.5565 8.7472 cellulose
283.801 412.705 7.7808 8.7472 in
293.666 412.705 35.0205 8.7472 mixtures
330.800 412.705 8.2988 8.7472 of
341.231 412.705 9.4346 8.7472 an
352.740 412.705 32.7491 8.7472 aqueous

53.8588 424.611 17.7235 8.7472 base
74.0978 424.611 17.7334 8.7472 with
94.2800 424.611 17.2054 8.7472 urea
114.009 424.611 14.4159 8.7472 and
130.903 424.611 32.7670 8.7472 thiourea
166.166 424.611 13.2702 8.7472 has
181.927 424.611 18.8692 8.7472 been
203.299 424.611 12.2341 8.7472 the
217.982 424.611 21.5690 8.7472 focus
242.020 424.611 8.3636 8.7472 of
252.791 424.611 29.5391 8.7472 interest
284.766 424.611 44.0765 8.7472 [140–143].
331.312 424.611 37.8250 8.7472 Cellulose
371.563 424.611 13.8879 8.7472 can

53.8588 436.573 9.4346 8.7472 be
65.5937 436.573 37.7244 8.7472 dissolved
105.561 436.573 7.7808 8.7472 in
115.596 436.573 9.4346 8.7472 an
127.330 436.573 32.7481 8.7472 aqueous
162.366 436.573 32.1593 8.7472 solution
196.835 436.573 8.2988 8.7472 of
207.379 436.573 25.9127 8.7472 NaOH
235.669 436.573 8.2988 8.7472 (7
246.213 436.573 41.6746 8.7472 wt%)/urea
290.149 436.573 13.2801 8.7472 (12
305.740 436.573 24.0597 8.7472 wt%).
332.102 436.573 31.6313 8.7472 Starting
366.060 436.573 19.3972 8.7472 from

53.8588 448.535 4.4533 8.7472 a
60.8884 448.535 39.5027 8.7472 precooled
102.953 448.535 31.1849 8.7472 mixture
136.685 448.535 7.2528 8.7472 at
146.550 447.658 17.6727 9.9626 À12
168.207 448.535 9.1257 8.7472 C,
179.942 448.535 35.5565 8.7472 cellulose
218.153 448.535 36.5787 8.7472 dissolves
257.328 448.535 25.5142 8.7472 within
285.447 448.535 4.9813 8.7472 2
292.987 448.535 18.0522 8.7472 min.
313.622 448.535 15.6214 8.7472 The
331.820 448.535 17.2054 8.7472 urea
351.606 448.535 33.8788 8.7472 hydrates

53.8591 460.497 22.1967 8.7472 could
80.2779 460.497 33.2711 8.7472 possibly
117.695 460.497 9.4346 8.7472 be
131.358 460.497 59.4080 8.7472 self-assembled
194.966 460.497 7.2528 8.7472 at
206.418 460.497 12.2341 8.7472 the
222.858 460.497 28.8118 8.7472 surface
255.910 460.497 8.2988 8.7472 of
268.439 460.497 12.2341 8.7472 the
284.824 460.497 25.9127 8.7472 NaOH
314.983 460.497 70.4844 8.7472 hydrogen-bonded

53.8591 472.459 35.5565 8.7472 cellulose
93.8838 472.459 24.0637 8.7472 [144].
122.344 472.459 15.5516 8.7472 The
142.243 472.459 36.0646 8.7472 solutions
182.664 472.459 12.2241 8.7472 are
199.275 472.459 23.4101 8.7472 rather
227.053 472.459 33.3657 8.7472 unstable
264.753 472.459 14.4159 8.7472 and
283.574 472.459 34.9388 8.7472 sensitive
322.919 472.459 7.7808 8.7472 to
335.051 472.459 50.3878 8.7472 temperature,

53.8591 484.422 33.2950 8.7472 polymer
90.9927 484.422 57.0180 8.7472 concentration,
151.823 484.422 14.4159 8.7472 and
170.022 484.422 28.8218 8.7472 storage
202.676 484.422 17.8331 8.7472 time
224.333 484.422 20.7461 8.7472 [145,
248.881 484.422 20.7750 8.7472 146].
273.429 484.422 48.9293 8.7472 Alternatives
326.152 484.422 29.4494 8.7472 include
359.430 484.422 26.0223 8.7472 LiOH/

53.8591 496.384 17.2054 8.7472 urea
75.4590 496.384 20.8019 8.7472 [147,
100.573 496.384 18.2844 8.7472 148]
123.193 496.384 14.4159 8.7472 and
142.015 496.384 61.5878 8.7472 NaOH/thiourea
208.004 496.384 24.0647 8.7472 [149].
236.465 496.384 21.0510 8.7472 TEM
261.863 496.384 28.3037 8.7472 images
294.574 496.384 14.4159 8.7472 and
313.395 496.384 44.4780 8.7472 wide-angle
362.207 496.384 23.2228 8.7472 X-ray

53.8581 508.346 42.2982 8.7472 diffraction
99.2118 508.346 37.5291 8.7472 (WAXD)
139.860 508.346 30.4955 8.7472 provide
173.479 508.346 52.2538 8.7472 experimental
228.867 508.346 35.6322 8.7472 evidence
267.587 508.346 11.6164 8.7472 for
282.213 508.346 12.2341 8.7472 the
297.520 508.346 39.4987 8.7472 formation
340.038 508.346 8.2988 8.7472 of
351.377 508.346 4.4533 8.7472 a
358.861 508.346 26.6320 8.7472 worm-

53.8581 520.251 15.0336 8.7472 like
71.7160 520.251 35.6711 8.7472 cellulose
110.153 520.251 36.7211 8.7472 inclusion
149.668 520.251 34.5065 8.7472 complex
186.972 520.251 44.9084 8.7472 surrounded
234.707 520.251 9.9626 8.7472 by
247.463 520.251 17.2054 8.7472 urea
267.531 520.251 19.0883 8.7472 (Fig.
289.415 520.251 15.7857 8.7472 25).

228.033 63.7671 12.0692 7.6299 OH

193.828 81.9344 6.0338 7.6299 O

196.858 89.6119 12.0692 7.6299 HO

250.725 88.0709 5.5741 7.6299 C

236.286 102.075 12.0692 7.6299 OH
250.456 102.075 6.0338 7.6299 H

237.912 73.5790 12.0692 7.6299 OH
253.810 74.3638 12.0692 7.6299 OH

271.293 100.242 6.0338 7.6299 N

273.468 77.4968 6.0338 7.6299 N

110.437 81.9346 71.5727 7.6299 Glc-Glc-Glc-Glc-Glc

276.601 89.2568 4.7133 7.6299 +

289.683 107.531 11.6171 7.6299 CH
301.340 109.101 4.1785 7.6299 3
305.524 107.531 17.6767 7.6299 COO

324.712 101.265 4.1785 7.6299 _

53.8582 137.362 13.9302 7.5706 Fig.
71.8303 137.362 8.4682 7.5706 23
86.2863 137.430 31.1122 7.4351 Structure
121.492 137.430 31.0360 7.4351 proposed
156.585 137.430 9.8739 7.4351 for
170.532 137.430 37.2008 7.4351 conversion
211.804 137.430 7.0540 7.4351 of
222.916 137.430 10.3989 7.4351 the
237.373 137.430 29.7064 7.4351 reducing
271.162 137.430 12.2535 7.4351 end
287.489 137.430 19.7563 7.4351 group
311.300 137.430 7.0540 7.4351 of
322.412 137.430 43.8907 7.4351 cellodextrins
370.431 137.430 15.0734 7.4351 with

53.8582 147.408 100.585 7.4351 1-ethyl-3-methylimidazolium
156.869 147.408 23.6856 7.4351 acetate

53.8582 36.8581 8.4682 7.4351 28

351.722 36.8581 7.3165 7.4351 T.
361.416 36.8581 24.0497 7.4351 Heinze

53.8582 440.204 5.9776 10.6879 7
71.7729 440.204 48.5927 10.6879 Chemical
123.759 440.204 51.8851 10.6879 Reactivity

53.8582 469.512 28.8218 8.7472 Glucan
85.2653 469.512 35.6422 8.7472 cellulose
123.475 469.512 15.4420 8.7472 was
141.504 469.512 18.2515 8.7472 used
162.310 469.512 8.2889 8.7472 as
173.138 469.512 4.4533 8.7472 a
180.111 469.512 37.7244 8.7472 precursor
220.363 469.512 11.6164 8.7472 for
234.535 469.512 36.2758 8.7472 chemical
273.370 469.512 50.5971 8.7472 modiﬁcation
326.490 469.512 18.8692 8.7472 even
347.977 469.512 25.5043 8.7472 before
376.039 469.512 9.4346 8.7472 its

53.8582 481.417 40.6444 8.7472 polymeric
97.9078 481.417 25.0619 8.7472 nature
126.423 481.417 15.4420 8.7472 was
145.301 481.417 35.1301 8.7472 accepted
183.909 481.417 14.4159 8.7472 and
201.766 481.417 17.2054 8.7472 well
222.402 481.417 46.9298 8.7472 understood.
272.745 481.417 15.5516 8.7472 The
291.737 481.417 31.8146 8.7472 reactive
326.999 481.417 27.0783 8.7472 groups
357.557 481.417 12.2241 8.7472 are
373.261 481.417 12.2341 8.7472 the

53.8582 493.379 36.0706 8.7472 hydroxyl
93.9965 493.379 36.4860 8.7472 moieties.
134.531 493.379 37.7383 8.7472 Cellulose
176.370 493.379 25.6816 8.7472 nitrate
206.133 493.379 45.8329 8.7472 (misnomer,
256.023 493.379 57.8598 8.7472 nitrocellulose)
317.930 493.379 8.3636 8.7472 of
330.290 493.379 17.7434 8.7472 high
352.116 493.379 33.3837 8.7472 nitrogen

53.8582 505.341 29.4494 8.7472 content
86.0025 505.341 15.4420 8.7472 was
104.144 505.341 9.4346 8.7472 an
116.220 505.341 38.8940 8.7472 important
157.831 505.341 40.8377 8.7472 explosive.
201.314 505.341 33.9944 8.7472 Partially
237.938 505.341 30.5852 8.7472 nitrated
271.216 505.341 35.6631 8.7472 cellulose
309.539 505.341 18.8592 8.7472 ester
331.082 505.341 15.4420 8.7472 was
349.167 505.341 18.2515 8.7472 used
370.087 505.341 8.2889 8.7472 as
381.029 505.341 4.4533 8.7472 a

53.8582 517.303 35.1202 8.7472 “plastic”
91.3315 517.303 23.3224 8.7472 (trade
117.069 517.303 21.6687 8.7472 name
141.107 517.303 40.6345 8.7472 Celluloid)
184.079 517.303 14.4159 8.7472 and
200.860 517.303 6.6351 8.7472 is
209.817 517.303 15.0336 8.7472 still
227.222 517.303 37.2133 8.7472 produced
266.792 517.303 55.1400 8.7472 commercially
324.334 517.303 24.1244 8.7472 [150].
350.757 517.303 34.7276 8.7472 Methyl-,

53.8582 529.265 25.9048 8.7472 ethyl-,
82.8284 529.265 14.4159 8.7472 and
100.403 529.265 53.3617 8.7472 hydroxyalkyl
156.869 529.265 23.8405 8.7472 ethers
183.855 529.265 8.2889 8.7472 as
195.307 529.265 17.2054 8.7472 well
215.659 529.265 8.2889 8.7472 as
227.111 529.265 35.5565 8.7472 cellulose
265.889 529.265 27.8654 8.7472 acetate
296.956 529.265 12.2241 8.7472 are
312.319 529.265 35.5565 8.7472 cellulose
351.097 529.265 34.4138 8.7472 products

53.8582 541.227 15.0336 8.7472 that
71.2629 541.227 27.7857 8.7472 remain
101.479 541.227 38.8940 8.7472 important
142.751 541.227 18.8692 8.7472 even
164.010 541.227 31.7030 8.7472 decades
198.082 541.227 18.3411 8.7472 after
218.775 541.227 18.3511 8.7472 their
239.524 541.227 41.3737 8.7472 discovery.
283.234 541.227 15.5516 8.7472 The
301.148 541.227 20.6106 8.7472 same
324.109 541.227 28.3037 8.7472 applies
354.780 541.227 7.7808 8.7472 to
364.928 541.227 20.5329 8.7472 other

53.8582 553.190 35.5565 8.7472 cellulose
99.6085 553.190 34.3311 8.7472 products
144.054 553.190 33.3767 8.7472 carrying
187.537 553.190 4.4533 8.7472 a
202.050 553.190 27.8853 8.7472 variety
239.978 553.190 8.2988 8.7472 of
258.403 553.190 40.5478 8.7472 functional
309.086 553.190 29.6457 8.7472 groups,
348.826 553.190 18.2515 8.7472 such
377.173 553.190 8.2889 8.7472 as

53.8582 565.152 73.3875 8.7472 ethylhydroxyethyl
139.293 565.152 14.4159 8.7472 and
165.712 565.152 87.1747 8.7472 hydroxypropylmethyl
264.980 565.152 38.1498 8.7472 cellulose,
315.096 565.152 70.3589 8.7472 acetopropionates,

53.8582 577.057 60.3465 8.7472 acetobutyrates,
117.353 577.057 14.4159 8.7472 and
134.872 577.057 64.3793 8.7472 acetophthalates.
202.335 577.057 20.5329 8.7472 Ionic
225.976 577.057 35.6422 8.7472 cellulose
264.753 577.057 23.8405 8.7472 ethers
291.739 577.057 19.3773 8.7472 were
314.245 577.057 42.8003 8.7472 introduced
360.166 577.057 4.4533 8.7472 a
367.706 577.057 17.7434 8.7472 long

281.961 382.302 11.3900 4.6250 LiOH

313.907 383.311 10.0050 4.6250 urea

357.157 375.436 19.4540 4.6250 cellulose

337.065 298.741 18.6230 4.6250 Channel
357.078 298.741 5.0005 4.6250 IC

53.8582 399.680 13.9302 7.5706 Fig.
75.2311 399.680 8.4682 7.5706 25
89.6313 399.748 9.2032 7.4351 (a,
106.241 399.680 7.5257 7.5706 b)
121.152 399.748 45.6605 7.4351 Transmission
174.273 399.748 27.4031 7.4351 electron
209.139 399.748 42.4003 7.4351 micrographs
258.972 399.748 7.0540 7.4351 of
273.429 399.748 30.2230 7.4351 cellulose
311.129 399.748 6.1648 7.4351 at
324.679 399.748 46.2702 7.4351 concentration
378.424 399.748 7.0540 7.4351 of

53.8582 409.726 10.5852 7.4351 4.0
65.8771 408.981 6.5205 8.4682 Â
73.8144 409.726 8.4682 7.4351 10
82.2614 407.357 8.0512 5.6449 À4
92.6929 409.726 4.2341 7.4351 g
99.3260 409.726 11.8131 7.4351 mL
111.118 407.357 8.1077 5.6449 À1
121.606 409.726 6.6137 7.4351 in
130.564 409.726 27.7672 7.4351 aqueous
160.724 409.726 10.5852 7.4351 4.6
173.706 409.726 15.5137 7.4351 wt%
191.565 409.726 30.5871 7.4351 LiOH/15
224.561 409.726 15.5137 7.4351 wt%
242.476 409.726 16.7416 7.4351 urea.
261.582 409.726 9.4522 7.4351 (c)
273.430 409.726 22.1274 7.4351 Model
297.921 409.726 7.0540 7.4351 of
307.389 409.726 31.1206 7.4351 inclusion
340.894 409.726 29.2661 7.4351 complex

53.8582 259.309 13.9302 7.5706 Fig.
70.1857 259.309 8.4682 7.5706 24
84.6426 259.377 19.7394 7.4351 Phase
106.753 259.377 27.8519 7.4351 diagram
137.026 259.377 7.0540 7.4351 of
146.437 259.377 24.0582 7.4351 ternary
172.913 259.377 75.8581 7.4351 cellulose/NaOH/water
251.206 259.377 23.5331 7.4351 system

53.8582 36.9717 34.4571 7.4351 Cellulose:
90.7084 36.9717 31.1122 7.4351 Structure
124.213 36.9717 12.2535 7.4351 and
138.897 36.9717 34.3724 7.4351 Properties

377.064 36.9717 8.4682 7.4351 29

53.8582 62.4003 17.8331 8.7472 time
75.0606 62.4003 14.4159 8.7472 ago
92.8618 62.4003 14.4159 8.7472 and
110.663 62.4003 47.3483 8.7472 commercial
161.459 62.4003 43.2576 8.7472 production
208.117 62.4003 8.2988 8.7472 of
219.795 62.4003 12.2341 8.7472 the
235.385 62.4003 19.4669 8.7472 most
258.176 62.4003 38.9926 8.7472 important
300.525 62.4003 20.0149 8.7472 ionic
323.939 62.4003 35.5565 8.7472 cellulose
362.943 62.4003 22.4956 8.7472 ether,

53.8582 74.3624 60.0456 8.7472 carboxymethyl
116.729 74.3624 35.6422 8.7472 cellulose
155.222 74.3624 31.2128 8.7472 (CMC),
189.294 74.3624 23.8505 8.7472 began
215.996 74.3624 7.7808 8.7472 in
226.597 74.3624 12.2341 8.7472 the
241.621 74.3624 23.7608 8.7472 1920s
268.209 74.3624 24.1234 8.7472 [151].

65.8203 86.3245 15.5516 8.7472 The
84.7552 86.3245 45.6128 8.7472 preparation
133.737 86.3245 8.2988 8.7472 of
145.415 86.3245 47.3592 8.7472 commercial
196.154 86.3245 35.6422 8.7472 cellulose
235.157 86.3245 43.9510 8.7472 derivatives
282.495 86.3245 6.6351 8.7472 is
292.530 86.3245 45.6297 8.7472 exclusively
341.512 86.3245 27.7757 8.7472 carried
372.693 86.3245 12.7621 8.7472 out

53.8582 98.2298 22.7147 8.7472 under
79.9931 98.2298 57.7472 8.7472 heterogeneous
141.220 98.2298 32.2390 8.7472 reaction
176.936 98.2298 44.1891 8.7472 conditions.
224.500 98.2298 8.2988 8.7472 In
236.235 98.2298 12.2341 8.7472 the
251.882 98.2298 17.1954 8.7472 case
272.518 98.2298 8.2988 8.7472 of
284.196 98.2298 46.5642 8.7472 acetylation,
334.198 98.2298 12.2341 8.7472 the
349.846 98.2298 35.5565 8.7472 cellulose

53.8582 110.191 27.9810 8.7472 acetate
84.3019 110.191 28.8318 8.7472 formed
115.652 110.191 17.2154 8.7472 may
135.381 110.191 32.7491 8.7472 dissolve
170.643 110.191 26.0422 8.7472 during
199.159 110.191 12.2341 8.7472 the
213.899 110.191 26.1100 8.7472 course
242.472 110.191 8.2988 8.7472 of
253.300 110.191 34.7296 8.7472 reaction,
290.603 110.191 16.5977 8.7472 thus
309.708 110.191 5.5990 8.7472 it
317.759 110.191 6.6351 8.7472 is
326.887 110.191 12.7621 8.7472 not
342.137 110.191 43.3333 8.7472 considered

53.8582 122.154 4.4533 8.7472 a
61.1150 122.154 55.5395 8.7472 homogeneous
119.452 122.154 34.7296 8.7472 reaction.

65.8203 134.116 39.0863 8.7472 However,
108.169 134.116 12.2341 8.7472 the
123.646 134.116 43.8404 8.7472 dissolution
170.814 134.116 8.2988 8.7472 of
182.379 134.116 35.5565 8.7472 cellulose
221.271 134.136 20.5030 8.7671 prior
245.025 134.116 7.7808 8.7472 to
256.081 134.116 36.1742 8.7472 chemical
295.595 134.116 32.2390 8.7472 reaction
331.198 134.116 23.2228 8.7472 offers
357.730 134.116 4.4533 8.7472 a
365.440 134.116 20.0049 8.7472 great

53.8582 146.078 46.6718 8.7472 opportunity
104.371 146.078 11.6164 8.7472 for
119.905 146.078 12.2341 8.7472 the
136.005 146.078 26.1199 8.7472 design
165.996 146.078 8.2988 8.7472 of
178.128 146.078 22.1967 8.7472 novel
204.263 146.078 14.4159 8.7472 and
222.574 146.078 61.6974 8.7472 unconventional
288.167 146.078 35.5565 8.7472 cellulose
327.682 146.078 43.9620 8.7472 derivatives
375.530 146.078 9.9626 8.7472 by

53.8582 158.040 55.5385 8.7472 homogeneous
117.126 158.040 22.7048 8.7472 phase
147.684 158.040 41.9914 8.7472 chemistry.
197.459 158.040 13.7982 8.7472 For
219.059 158.040 55.4747 8.7472 homogeneous
282.327 158.040 22.7048 8.7472 phase
312.828 158.040 41.9944 8.7472 chemistry,
362.604 158.040 22.8044 8.7472 either

53.8582 170.002 62.9128 8.7472 nonderivatizing
120.527 170.002 8.2988 8.7472 or
132.603 170.002 47.9072 8.7472 derivatizing
184.306 170.002 32.7371 8.7472 solvents
220.816 170.002 13.8879 8.7472 can
238.560 170.002 9.4346 8.7472 be
251.770 170.002 20.7421 8.7472 used.
276.318 170.002 8.2988 8.7472 In
288.393 170.002 12.2341 8.7472 the
304.437 170.002 17.1954 8.7472 case
325.470 170.002 8.2988 8.7472 of
337.546 170.002 47.8653 8.7472 derivatizing

53.8582 181.964 35.2387 8.7472 solvents,
91.2748 181.964 17.7434 8.7472 both
111.230 181.964 43.8643 8.7472 conversion
157.265 181.964 8.2988 8.7472 of
167.752 181.964 12.2341 8.7472 the
182.209 181.964 28.8318 8.7472 soluble
213.276 181.964 50.1647 8.7472 intermediate
265.660 181.964 28.8318 8.7472 formed
296.727 181.964 26.1279 8.7472 during
325.017 181.964 43.8514 8.7472 dissolution
371.051 181.964 14.4159 8.7472 and

53.8582 193.869 50.5971 8.7472 modiﬁcation
109.359 193.869 8.2988 8.7472 of
122.512 193.869 12.2341 8.7472 the
139.633 193.869 31.1032 8.7472 isolated
175.633 193.869 50.1647 8.7472 intermediate
230.681 193.869 27.7598 8.7472 (which
263.279 193.869 6.6351 8.7472 is
274.787 193.869 48.8247 8.7472 re-dissolved
328.532 193.869 7.7808 8.7472 in
341.174 193.869 9.4346 8.7472 an
355.461 193.869 30.0432 8.7472 organic

53.8582 205.831 28.8318 8.7472 solvent
88.0439 205.831 18.2515 8.7472 such
111.628 205.831 8.2889 8.7472 as
125.234 205.831 28.6225 8.7472 DMSO
159.192 205.831 8.2988 8.7472 or
172.798 205.831 24.7869 8.7472 DMF)
202.902 205.831 12.2241 8.7472 are
220.477 205.831 43.3363 8.7472 considered
269.119 205.831 55.4747 8.7472 homogeneous
329.893 205.831 38.6977 8.7472 reactions.
373.830 205.831 11.6164 8.7472 By

53.8582 217.794 34.2026 8.7472 contrast,
90.3672 217.794 27.7857 8.7472 neither
120.526 217.794 36.2788 8.7472 chemical
159.077 217.794 50.6030 8.7472 modiﬁcation
212.027 217.794 8.2988 8.7472 of
222.628 217.794 28.9015 8.7472 soluble
253.866 217.794 12.7621 8.7472 but
268.946 217.794 32.2290 8.7472 “stable”
303.585 217.794 35.5565 8.7472 cellulose
341.512 217.794 43.9620 8.7472 derivatives

53.8582 229.756 18.2515 8.7472 such
75.6285 229.756 8.2889 8.7472 as
87.3634 229.756 35.5565 8.7472 cellulose
126.480 229.756 27.8654 8.7472 acetate
157.887 229.756 7.7808 8.7472 in
169.169 229.756 28.6225 8.7472 DMSO
201.256 229.756 13.3449 8.7472 nor
218.037 229.756 36.2788 8.7472 chemical
257.778 229.756 50.5971 8.7472 modiﬁcation
311.862 229.756 8.2988 8.7472 of
323.597 229.756 35.6422 8.7472 cellulose
362.714 229.756 22.7147 8.7472 under

53.8582 241.718 43.8514 8.7472 dissolution
101.423 241.718 8.2988 8.7472 of
113.385 241.718 12.2341 8.7472 the
129.315 241.718 35.6422 8.7472 cellulose
168.660 241.718 40.1264 8.7472 derivative
212.482 241.718 28.8318 8.7472 formed
245.023 241.718 11.6064 8.7472 (as
260.386 241.718 4.4533 8.7472 a
268.493 241.718 22.2664 8.7472 result
294.458 241.718 8.2988 8.7472 of
306.420 241.718 12.2341 8.7472 the
322.350 241.718 47.1839 8.7472 conversion)
373.259 241.718 12.2241 8.7472 are

53.8582 253.680 34.5174 8.7472 included
90.9908 253.680 7.7808 8.7472 in
101.365 253.680 12.2341 8.7472 the
116.219 253.680 29.5252 8.7472 context
148.363 253.680 8.2988 8.7472 of
159.248 253.680 55.4638 8.7472 homogeneous
217.414 253.680 22.7048 8.7472 phase
242.756 253.680 41.9914 8.7472 chemistry.
287.372 253.680 8.2988 8.7472 In
298.257 253.680 12.2341 8.7472 the
313.167 253.680 38.8830 8.7472 following
354.609 253.680 30.8861 8.7472 section,

53.8582 265.642 12.2341 8.7472 the
68.9386 265.642 36.5030 8.7472 synthesis
108.282 265.642 8.2988 8.7472 of
119.394 265.642 21.1207 8.7472 some
143.318 265.642 35.5565 8.7472 cellulose
181.756 265.642 43.9620 8.7472 derivatives
228.526 265.642 6.6351 8.7472 is
237.994 265.642 40.7500 8.7472 discussed.

53.8582 312.161 14.9439 10.5683 7.1
80.7871 312.161 71.0731 10.5683 Homogeneous
155.282 312.161 63.1110 10.5683 Modiﬁcation
221.784 312.161 9.9586 10.5683 of
235.107 312.161 45.9076 10.5683 Cellulose

53.8582 337.564 19.9252 8.9066 7.1.1
83.7918 337.564 41.0589 8.9066 Acylation
127.671 337.564 8.2988 8.9066 of
138.726 337.564 38.8601 8.9066 Cellulose

53.8582 361.511 37.7343 8.7472 Although
94.5634 361.511 4.4533 8.7472 a
102.047 361.511 19.3872 8.7472 wide
124.497 361.511 27.7857 8.7472 variety
155.337 361.511 8.2988 8.7472 of
166.618 361.511 32.7371 8.7472 solvents
202.391 361.511 11.6164 8.7472 for
217.018 361.511 35.5565 8.7472 cellulose
255.625 361.511 18.8692 8.7472 have
277.565 361.511 18.8692 8.7472 been
299.448 361.511 41.1665 8.7472 developed
343.610 361.511 14.4159 8.7472 and
361.071 361.511 24.3685 8.7472 inves-

53.8582 373.473 27.2676 8.7472 tigated
85.2085 373.473 7.7808 8.7472 in
97.0002 373.473 24.4582 8.7472 recent
125.573 373.473 23.5317 8.7472 years,
153.182 373.473 17.7434 8.7472 only
174.952 373.473 4.4533 8.7472 a
183.399 373.473 14.9240 8.7472 few
202.391 373.473 18.8692 8.7472 have
225.352 373.473 25.9326 8.7472 shown
255.342 373.473 12.2341 8.7472 the
271.613 373.473 35.0484 8.7472 potential
310.730 373.473 11.6164 8.7472 for
326.378 373.473 40.6235 8.7472 controlled
371.051 373.473 14.4159 8.7472 and

53.8582 385.436 55.5385 8.7472 homogeneous
112.194 385.436 68.0226 8.7472 functionalization
183.002 385.436 8.2988 8.7472 of
194.170 385.436 12.2341 8.7472 the
209.250 385.436 60.0217 8.7472 polysaccharide
272.121 385.436 26.2226 8.7472 (Table
301.151 385.436 8.3068 8.7472 1)
312.320 385.436 24.0627 8.7472 [157].
339.249 385.436 46.2474 8.7472 Limitations

53.8582 397.398 7.7808 8.7472 to
66.3872 397.398 12.2341 8.7472 the
83.3953 397.398 44.5587 8.7472 application
132.773 397.398 8.2988 8.7472 of
145.813 397.398 32.7371 8.7472 solvents
183.343 397.398 22.1867 8.7472 result
210.328 397.398 19.3972 8.7472 from
234.535 397.398 17.7434 8.7472 high
257.042 397.398 33.0858 8.7472 toxicity,
294.969 397.398 17.7434 8.7472 high
317.475 397.398 37.9406 8.7472 reactivity
360.164 397.398 8.2988 8.7472 of
373.203 397.398 12.2341 8.7472 the

53.8582 409.360 32.7481 8.7472 solvents
89.0640 409.360 29.4494 8.7472 leading
121.038 409.360 7.7808 8.7472 to
131.299 409.360 38.8830 8.7472 undesired
172.628 409.360 16.0697 8.7472 side
191.223 409.360 38.5652 8.7472 reactions,
232.325 409.360 14.4159 8.7472 and
249.276 409.360 15.4520 8.7472 loss
267.191 409.360 8.2988 8.7472 of
277.962 409.360 37.8280 8.7472 solubility
318.270 409.360 26.0422 8.7472 during
346.843 409.360 38.5652 8.7472 reactions.

53.8582 421.322 15.5516 8.7472 The
71.8865 421.322 20.6226 8.7472 latter
95.0167 421.322 26.0223 8.7472 results
123.532 421.322 7.7808 8.7472 in
133.737 421.322 63.2575 8.7472 inhomogeneous
199.500 421.322 35.0205 8.7472 mixtures
236.973 421.322 31.0235 8.7472 through
270.479 421.322 39.4987 8.7472 formation
312.430 421.322 8.2988 8.7472 of
323.145 421.322 16.0697 8.7472 gels
341.683 421.322 14.4159 8.7472 and
358.578 421.322 26.8492 8.7472 pastes,

53.8582 445.942 20.7132 7.5706 Table
76.9891 445.942 4.2341 7.5706 1
87.1933 446.010 29.1814 7.4351 Solvents
118.771 446.010 12.2535 7.4351 and
133.398 446.010 28.2838 7.4351 reagents
164.069 446.010 31.6457 7.4351 exploited
198.141 446.010 9.8739 7.4351 for
210.387 446.010 10.3989 7.4351 the
223.143 446.010 47.0832 7.4351 homogeneous
272.636 446.010 37.3617 7.4351 acetylation
312.435 446.010 7.0540 7.4351 of
321.846 446.010 30.2230 7.4351 cellulose

56.6925 460.976 25.9212 7.4351 Solvent

211.010 460.976 39.6566 7.4351 Acetylating
253.076 460.976 25.0235 7.4351 reagent

298.261 460.976 10.7546 7.4351 DS
309.033 464.263 10.9745 4.9562 max

319.974 459.047 2.8389 4.9562 a

347.130 460.977 34.4402 7.4351 Reference

56.6934 473.410 64.6589 7.4520 N-Ethylpyridinium
123.761 473.393 27.8519 7.4351 chloride

211.011 473.393 22.1952 7.4351 Acetic
235.616 473.393 33.9405 7.4351 anhydride

298.262 473.393 10.3143 7.4351 Up
310.961 473.393 6.6137 7.4351 to
319.918 473.393 4.2341 7.4351 3

347.131 473.393 18.3523 7.4351 [122]

56.6925 485.241 103.845 7.4351 1-Allyl-3-methyl-imidazolium
162.992 485.241 27.8519 7.4351 chloride

211.011 485.241 22.1952 7.4351 Acetic
235.615 485.241 33.9405 7.4351 anhydride

298.261 485.241 10.5852 7.4351 2.7

347.130 485.241 18.3523 7.4351 [152]

56.6916 497.050 102.304 7.4520 N-Methylmorpholine-N-oxide

211.009 497.033 19.3075 7.4351 Vinyl
232.665 497.033 23.6856 7.4351 acetate

298.259 497.033 10.5852 7.4351 0.3

347.128 497.033 18.3531 7.4351 [153]

56.6908 508.825 41.4180 7.4351 DMAc/LiCl

211.008 508.825 22.1952 7.4351 Acetic
235.612 508.825 33.9405 7.4351 anhydride

298.258 508.825 10.3143 7.4351 Up
310.957 508.825 6.6137 7.4351 to
319.915 508.825 4.2341 7.4351 3

347.128 508.825 17.6503 7.4351 [154,
367.140 508.825 15.5188 7.4351 155]

211.007 520.617 22.6440 7.4351 Acetyl
236.065 520.617 27.8519 7.4351 chloride

298.258 520.617 10.3143 7.4351 Up
310.957 520.617 6.6137 7.4351 to
319.914 520.617 4.2341 7.4351 3

56.6899 532.466 34.3724 7.4351 DMI/LiCl

211.007 532.466 22.1952 7.4351 Acetic
235.612 532.466 33.9405 7.4351 anhydride

298.258 532.466 10.5852 7.4351 1.4

347.127 532.466 18.3531 7.4351 [156]

56.6891 544.258 48.3026 7.4351 DMSO/TBAF

211.006 544.258 19.3075 7.4351 Vinyl
232.663 544.258 23.6856 7.4351 acetate

298.257 544.258 10.5852 7.4351 2.7

347.126 544.258 17.6503 7.4351 [105,
367.138 544.258 15.5188 7.4351 113]

211.005 556.050 22.1952 7.4351 Acetic
235.610 556.050 33.9405 7.4351 anhydride

298.256 556.050 10.5852 7.4351 1.2

53.8539 569.503 22.1189 7.4520 DMAc
79.3093 569.503 84.9352 7.4520 N,N-Dimethylacetamide,
167.636 569.503 15.9541 7.4520 DMI
186.911 569.486 110.908 7.4351 1,3-dimethyl-2-imidazolidinone,
301.204 569.503 23.4484 7.4520 DMSO
327.962 569.486 30.2399 7.4351 dimethyl
361.524 569.486 23.9819 7.4351 sulfox-

53.8531 579.464 12.5160 7.4351 ide,
68.7630 579.481 20.2729 7.4520 TBAF
91.4400 579.464 107.574 7.4351 tetra-n-butylammoniumﬂuoride
201.424 579.464 33.0514 7.4351 trihydrate

53.8582 587.513 2.8389 4.9562 a

56.6929 589.443 35.3547 7.4351 Maximum
94.4501 589.443 22.6440 7.4351 degree
119.508 589.443 7.0540 7.4351 of
128.919 589.443 39.5888 7.4351 substitution

53.8586 36.8584 8.4682 7.4351 30

351.722 36.8584 7.3165 7.4351 T.
361.416 36.8584 24.0497 7.4351 Heinze

53.8582 62.4003 24.3685 8.7472 which
81.5243 62.4003 12.2241 8.7472 are
97.0580 62.4003 31.7120 8.7472 difﬁcult
131.979 62.4003 7.7808 8.7472 to
143.035 62.4003 18.0522 8.7472 mix,
164.351 62.4003 14.4159 8.7472 and
182.039 62.4003 18.8692 8.7472 even
204.205 62.4003 31.0235 8.7472 through
238.504 62.4003 39.5206 8.7472 formation
281.306 62.4003 8.2988 8.7472 of
292.815 62.4003 43.8354 8.7472 de-swollen
339.926 62.4003 33.9884 8.7472 particles
377.173 62.4003 8.2988 8.7472 of

53.8582 74.3624 14.9339 8.7472 low
71.6026 74.3624 40.4322 8.7472 reactivity,
114.859 74.3624 24.3685 8.7472 which
142.071 74.3624 21.1406 8.7472 settle
166.108 74.3624 12.7621 8.7472 out
181.642 74.3624 7.7808 8.7472 in
192.243 74.3624 12.2341 8.7472 the
207.324 74.3624 32.2390 8.7472 reaction
242.416 74.3624 35.3433 8.7472 medium.

65.8203 86.3245 57.6446 8.7472 Homogeneous
127.331 86.3245 32.2390 8.7472 reaction
163.500 86.3245 41.5939 8.7472 conditions
209.024 86.3245 17.2154 8.7472 give
230.057 86.3245 12.2341 8.7472 the
246.158 86.3245 46.6927 8.7472 opportunity
296.670 86.3245 11.6164 8.7472 for
312.147 86.3245 51.7447 8.7472 esteriﬁcation
367.706 86.3245 17.7334 8.7472 with

53.8582 98.2298 18.3411 8.7472 state
75.6285 98.2298 8.2988 8.7472 of
87.3634 98.2298 12.2341 8.7472 the
103.010 98.2298 10.5703 8.7472 art
117.014 98.2298 35.8624 8.7472 reagents,
156.244 98.2298 11.6164 8.7472 for
171.325 98.2298 36.3934 8.7472 example,
211.179 98.2298 18.3411 8.7472 after
233.005 98.2298 7.7808 8.7472 in
244.173 98.2298 14.4159 8.7472 situ
262.031 98.2298 39.5017 8.7472 activation
305.004 98.2298 8.2988 8.7472 of
316.739 98.2298 42.2882 8.7472 carboxylic
362.432 98.2298 23.0136 8.7472 acids,

53.8582 110.191 24.3685 8.7472 which
81.7505 110.191 6.6351 8.7472 is
91.8416 110.191 53.5659 8.7472 characterized
148.873 110.191 9.9626 8.7472 by
162.310 110.191 32.2390 8.7472 reacting
198.082 110.191 12.2341 8.7472 the
213.786 110.191 42.2873 8.7472 carboxylic
259.593 110.191 16.6874 8.7472 acid
279.776 110.191 17.7334 8.7472 with
300.978 110.191 4.4533 8.7472 a
308.915 110.191 29.4395 8.7472 reagent
341.910 110.191 7.7808 8.7472 to
353.135 110.191 19.3972 8.7472 form
376.039 110.191 9.4346 8.7472 an

53.8582 122.154 52.6553 8.7472 intermediate,
108.962 122.154 25.5242 8.7472 highly
136.854 122.154 31.8146 8.7472 reactive
171.040 122.154 42.2873 8.7472 carboxylic
215.770 122.154 16.6874 8.7472 acid
234.875 122.154 42.6031 8.7472 derivative.
279.831 122.154 15.5516 8.7472 The
297.803 122.154 42.2873 8.7472 carboxylic
342.476 122.154 16.6874 8.7472 acid
361.582 122.154 23.8505 8.7472 deriv-

53.8582 134.116 19.4868 8.7472 ative
76.0250 134.116 13.8879 8.7472 can
92.5788 134.116 9.4346 8.7472 be
104.711 134.116 28.8318 8.7472 formed
136.232 134.116 19.3972 8.7472 prior
158.285 134.116 7.7808 8.7472 to
168.717 134.116 32.3426 8.7472 reaction
203.696 134.116 17.7334 8.7472 with
224.106 134.116 12.2341 8.7472 the
239.016 134.116 60.0217 8.7472 polysaccharide
301.717 134.116 8.3636 8.7472 or
312.716 134.116 39.5067 8.7472 converted
354.838 134.116 30.5852 8.7472 directly

53.8582 146.078 7.7808 8.7472 in
64.7433 146.078 4.4533 8.7472 a
72.2830 146.078 30.5712 8.7472 one-pot
105.958 146.078 34.7296 8.7472 reaction.
143.828 146.078 51.6242 8.7472 Modiﬁcation
198.593 146.078 8.2988 8.7472 of
209.989 146.078 35.6422 8.7472 cellulose
248.766 146.078 17.7334 8.7472 with
269.629 146.078 42.2882 8.7472 carboxylic
315.039 146.078 20.5230 8.7472 acids
338.680 146.078 18.3411 8.7472 after
360.166 146.078 7.7808 8.7472 in
371.051 146.078 14.4159 8.7472 situ

53.8582 158.040 39.5993 8.7472 activation
97.5113 158.040 13.2702 8.7472 has
114.802 158.040 21.7444 8.7472 made
140.597 158.040 4.4533 8.7472 a
149.101 158.040 22.7147 8.7472 broad
175.860 158.040 27.8853 8.7472 variety
207.778 158.040 8.2988 8.7472 of
220.080 158.040 16.5877 8.7472 new
240.772 158.040 22.6948 8.7472 esters
267.531 158.040 43.1958 8.7472 accessible,
314.755 158.040 31.6113 8.7472 because
350.471 158.040 34.9588 8.7472 common

53.8582 170.002 31.7110 8.7472 reactive
87.8167 170.002 43.9620 8.7472 derivatives
133.963 170.002 18.2515 8.7472 such
154.372 170.002 8.2889 8.7472 as
164.860 170.002 43.8603 8.7472 anhydrides
210.837 170.002 8.3636 8.7472 or
221.326 170.002 36.6843 8.7472 chlorides
260.160 170.002 12.2241 8.7472 are
274.560 170.002 12.7621 8.7472 not
289.527 170.002 40.6364 8.7472 accessible
332.329 170.002 11.6164 8.7472 for
346.106 170.002 39.3124 8.7472 numerous

53.8582 181.964 20.5230 8.7472 acids
77.4985 181.964 20.2241 8.7472 (e.g.,
100.799 181.964 46.1019 8.7472 unsaturated
150.065 181.964 8.2988 8.7472 or
161.403 181.964 56.2020 8.7472 hydrolytically
220.702 181.964 31.2118 8.7472 instable
254.945 181.964 26.4168 8.7472 acids).
284.424 181.964 15.5516 8.7472 The
303.076 181.964 18.3611 8.7472 mild
324.563 181.964 32.2390 8.7472 reaction
359.939 181.964 25.5142 8.7472 condi-

53.8582 193.869 19.3972 8.7472 tions
75.4581 193.869 29.4494 8.7472 applied
107.149 193.869 11.6164 8.7472 for
120.925 193.869 7.7808 8.7472 in
130.903 193.869 14.4159 8.7472 situ
147.513 193.869 39.6203 8.7472 activation
189.295 193.869 26.0323 8.7472 avoids
217.528 193.869 16.0697 8.7472 side
235.783 193.869 36.1911 8.7472 reactions
274.106 193.869 18.2515 8.7472 such
294.572 193.869 8.2889 8.7472 as
305.060 193.869 39.5884 8.7472 pericyclic
346.842 193.869 38.5652 8.7472 reactions,

53.8582 205.831 44.0835 8.7472 hydrolysis,
101.139 205.831 14.4159 8.7472 and
118.714 205.831 37.8419 8.7472 oxidation
159.760 205.831 24.1195 8.7472 [158].
187.029 205.831 13.7982 8.7472 For
204.036 205.831 36.4801 8.7472 example,
243.720 205.831 4.4533 8.7472 a
251.316 205.831 32.3426 8.7472 reaction
286.863 205.831 17.7334 8.7472 with
307.783 205.831 39.3124 8.7472 enormous
350.359 205.831 35.1241 8.7472 potential

53.8582 217.794 11.6164 8.7472 for
68.0878 217.794 35.5565 8.7472 cellulose
106.298 217.794 50.6030 8.7472 modiﬁcation
159.531 217.794 6.6351 8.7472 is
168.772 217.794 12.2341 8.7472 the
183.626 217.794 55.4747 8.7472 homogeneous
241.735 217.794 30.4955 8.7472 one-pot
274.843 217.794 32.3426 8.7472 reaction
309.766 217.794 18.3411 8.7472 after
330.742 217.794 7.7808 8.7472 in
341.117 217.794 14.4159 8.7472 situ
358.181 217.794 27.2577 8.7472 activa-

53.8582 229.756 15.5616 8.7472 tion
71.7162 229.756 8.2988 8.7472 of
82.3174 229.756 42.2873 8.7472 carboxylic
126.933 229.756 20.5230 8.7472 acids
149.837 229.756 17.7334 8.7472 with
169.851 229.776 15.7608 8.7671 N,N
185.669 227.494 1.8829 6.9738 0
188.050 229.757 85.7272 8.7472 -carbonyldiimidazole
276.150 229.757 26.2315 8.7472 (CDI),
304.723 229.757 24.3685 8.7472 which
331.425 229.757 13.2702 8.7472 has
347.015 229.757 18.9339 8.7472 been
368.275 229.757 17.2054 8.7472 well

53.8591 241.719 27.1481 8.7472 known
84.1324 241.719 7.7808 8.7472 in
95.0175 241.719 42.8222 8.7472 bioorganic
140.994 241.719 39.5067 8.7472 chemistry
183.626 241.719 20.5230 8.7472 since
207.323 241.719 19.9252 8.7472 1962
230.397 241.719 24.1225 8.7472 [159].
257.612 241.719 15.6214 8.7472 The
276.319 241.719 31.8146 8.7472 reactive
311.299 241.719 47.3831 8.7472 imidazolide
361.812 241.719 8.2988 8.7472 of
373.264 241.719 12.2341 8.7472 the

53.8591 253.682 16.6874 8.7472 acid
73.8152 253.682 6.6351 8.7472 is
83.6801 253.682 41.4614 8.7472 generated,
128.353 253.682 14.4159 8.7472 and
145.984 253.682 12.2341 8.7472 the
161.461 253.682 47.6890 8.7472 by-products
212.427 253.682 13.7882 8.7472 CO
226.261 257.525 3.7359 5.8308 2
233.177 253.682 14.4159 8.7472 and
250.809 253.682 39.5794 8.7472 imidazole
293.668 253.682 12.2241 8.7472 are
309.145 253.682 34.9588 8.7472 nontoxic
347.356 253.682 19.1581 8.7472 (Fig.
369.693 253.682 15.7857 8.7472 26).

53.8581 265.644 15.5516 8.7472 The
73.8141 265.644 12.1344 8.7472 pH
90.3112 265.644 6.6351 8.7472 is
101.253 265.644 26.6500 8.7472 almost
132.320 265.644 33.3797 8.7472 constant
170.020 265.644 26.1070 8.7472 during
200.463 265.644 12.2341 8.7472 the
217.074 265.644 46.3570 8.7472 conversion,
267.813 265.644 34.9488 8.7472 resulting
307.158 265.644 7.7808 8.7472 in
319.290 265.644 40.1054 8.7472 negligible
363.793 265.644 21.6687 8.7472 chain

53.8581 277.606 49.7741 8.7472 degradation.
107.659 277.606 8.2988 8.7472 In
119.905 277.606 46.6409 8.7472 comparison
170.587 277.606 7.7808 8.7472 to
182.379 277.606 104.619 8.7472 dicyclohexylcarbodiimide
291.057 277.606 29.5491 8.7472 (DCC),
324.676 277.606 12.2341 8.7472 the
340.890 277.606 44.5587 8.7472 application

53.8581 289.511 8.2988 8.7472 of
64.4593 289.511 17.1058 8.7472 CDI
83.9043 289.511 6.6351 8.7472 is
92.8616 289.511 22.1967 8.7472 much
117.352 289.511 20.6106 8.7472 more
140.256 289.511 35.2477 8.7472 efﬁcient,
177.900 289.511 26.0323 8.7472 avoids
206.246 289.511 19.4669 8.7472 most
228.015 289.511 8.2988 8.7472 of
238.616 289.511 12.2341 8.7472 the
253.130 289.511 16.0697 8.7472 side
271.554 289.511 38.5652 8.7472 reactions,
312.542 289.511 14.4159 8.7472 and
329.267 289.511 26.0223 8.7472 allows
357.669 289.511 12.2341 8.7472 the
372.183 289.511 13.2702 8.7472 use

53.8581 301.473 8.2988 8.7472 of
64.9693 301.473 28.6963 8.7472 DMSO
96.4332 301.473 7.7708 8.7472 (a
107.034 301.473 19.9252 8.7472 good
129.768 301.473 28.9015 8.7472 solvent
161.459 301.473 11.6164 8.7472 for
175.915 301.473 19.4669 8.7472 most
198.139 301.473 34.5065 8.7472 complex
235.443 301.473 42.2873 8.7472 carboxylic
280.570 301.473 26.3312 8.7472 acids).

53.8581 337.280 19.9252 8.9066 7.1.2
83.7917 337.280 38.7645 8.9066 Sulfation
125.347 337.280 8.2988 8.9066 of
136.459 337.280 38.8601 8.9066 Cellulose

53.8581 361.284 37.7343 8.7472 Although
94.6768 361.284 28.8318 8.7472 studied
126.594 361.284 11.6164 8.7472 for
141.276 361.284 34.1936 8.7472 decades,
178.524 361.284 35.0385 8.7472 sulfation
216.621 361.284 8.2988 8.7472 of
228.016 361.284 35.5565 8.7472 cellulose
266.736 361.284 6.6351 8.7472 is
276.431 361.284 15.0336 8.7472 still
294.516 361.284 8.2988 8.7472 of
305.911 361.284 29.4395 8.7472 interest
338.452 361.284 31.7030 8.7472 because
373.262 361.284 12.2341 8.7472 the

53.8581 373.246 34.4138 8.7472 products
91.4450 373.246 20.9513 8.7472 show
115.596 373.246 47.1590 8.7472 pronounced
165.996 373.246 42.9298 8.7472 bioactivity
212.087 373.246 14.4159 8.7472 and
229.717 373.246 13.8879 8.7472 can
246.838 373.246 9.4346 8.7472 be
259.424 373.246 18.2515 8.7472 used
280.910 373.246 11.6164 8.7472 for
295.707 373.246 55.0404 8.7472 self-assembly
353.873 373.246 31.6034 8.7472 systems

53.8581 385.208 18.2515 8.7472 such
75.4580 385.208 8.2889 8.7472 as
87.1361 385.208 60.1213 8.7472 polyelectrolyte
150.630 385.208 45.2860 8.7472 complexes.
199.329 385.208 7.1531 8.7472 A
209.817 385.208 17.7334 8.7472 very
230.907 385.208 28.9214 8.7472 elegant
263.222 385.208 29.9775 8.7472 method
296.613 385.208 23.2228 8.7472 offers
323.201 385.208 12.2341 8.7472 the
338.849 385.208 34.9488 8.7472 sulfation
377.173 385.208 8.2988 8.7472 of

53.8581 397.170 35.5565 8.7472 cellulose
91.8415 397.170 37.6487 8.7472 dissolved
131.866 397.170 7.7808 8.7472 in
141.957 397.170 15.7608 8.7472 ILs.
160.042 397.170 37.8250 8.7472 Cellulose
200.179 397.170 37.7244 8.7472 dissolved
240.204 397.170 7.7808 8.7472 in
250.295 397.170 81.6575 8.7472 BMIMCl/co-solvent
334.255 397.170 34.9488 8.7472 mixtures
371.558 397.170 13.8879 8.7472 can

53.8581 409.132 9.4346 8.7472 be
67.5208 409.132 23.3224 8.7472 easily
95.0733 409.132 39.5027 8.7472 converted
138.783 409.132 15.5616 8.7472 into
158.569 409.132 35.5565 8.7472 cellulose
198.423 409.132 26.6400 8.7472 sulfate
229.320 409.132 18.7695 8.7472 (CS)
252.337 409.132 9.9626 8.7472 by
266.509 409.132 21.5790 8.7472 using
292.304 409.132 12.6525 8.7472 SO
305.007 412.977 3.7359 5.8308 3
308.749 409.134 16.2889 8.7472 -Py,
329.215 409.134 12.6525 8.7472 SO
341.914 412.977 3.7359 5.8308 3
345.656 409.134 27.2776 8.7472 -DMF,
377.177 409.134 8.2988 8.7472 or

53.8590 421.096 22.0871 8.7472 ClSO
76.0252 424.939 3.7359 5.8308 3
79.7669 421.096 7.1531 8.7472 H
89.4047 421.096 24.1195 8.7472 [160].
116.049 421.096 27.7717 8.7472 Highly
146.324 421.096 43.3363 8.7472 substituted
192.187 421.096 12.1344 8.7472 CS
206.870 421.096 17.7334 8.7472 with
227.166 421.096 12.6525 8.7472 DS
242.360 421.096 25.5043 8.7472 values
270.423 421.096 9.9626 8.7472 up
282.952 421.096 7.7808 8.7472 to
293.213 421.096 4.9813 8.7472 3
300.753 421.096 13.2702 8.7472 has
316.569 421.096 18.8692 8.7472 been
337.999 421.096 33.2850 8.7472 reported
373.885 421.096 11.6164 8.7472 for

53.8582 433.001 34.9488 8.7472 sulfation
91.8416 433.001 7.7808 8.7472 in
102.613 433.001 37.1007 8.7472 BMIMCl
142.694 433.001 7.2528 8.7472 at
152.899 433.001 9.9626 8.7472 30
166.903 433.002 6.6351 8.7472 C
176.484 433.002 24.4283 8.7472 [161];
203.923 433.002 36.9025 8.7472 however,
243.778 433.002 5.5990 8.7472 it
252.339 433.002 26.6380 8.7472 should
281.933 433.002 9.4346 8.7472 be
294.348 433.002 22.1967 8.7472 noted
319.520 433.002 15.0336 8.7472 that
337.548 433.002 47.8763 8.7472 cellulose/IL

53.8583 444.964 36.0855 8.7472 solutions
92.7493 444.964 26.5503 8.7472 slowly
122.116 444.964 25.5142 8.7472 turned
150.518 444.964 19.3972 8.7472 solid
172.742 444.964 19.9252 8.7472 upon
195.475 444.964 29.9775 8.7472 cooling
228.300 444.964 7.7808 8.7472 to
238.901 444.964 21.0609 8.7472 room
262.769 444.964 50.3878 8.7472 temperature,
316.003 444.964 41.6755 8.7472 depending
360.450 444.964 9.9626 8.7472 on
373.263 444.964 12.2341 8.7472 the

53.8583 456.926 35.5565 8.7472 cellulose
91.8985 456.926 14.4159 8.7472 and
108.679 456.926 35.0325 8.7472 moisture
146.097 456.926 32.0158 8.7472 content.
180.508 456.926 38.2474 8.7472 Synthesis
221.100 456.926 8.2988 8.7472 of
231.815 456.926 12.1344 8.7472 CS
246.328 456.926 17.7334 8.7472 with
266.454 456.926 9.4346 8.7472 an
278.302 456.926 18.8692 8.7472 even
299.561 456.926 46.1537 8.7472 distribution
348.090 456.926 8.2988 8.7472 of
358.805 456.926 26.6400 8.7472 sulfate

53.8583 468.888 27.0783 8.7472 groups
84.2452 468.888 22.1967 8.7472 along
109.756 468.888 12.2341 8.7472 the
125.233 468.888 33.3598 8.7472 polymer
161.913 468.888 25.5043 8.7472 chains
190.713 468.888 32.2380 8.7472 requires
226.202 468.888 4.4533 8.7472 a
233.912 468.888 28.3137 8.7472 dipolar
265.546 468.888 27.8674 8.7472 aprotic
296.670 468.888 41.6825 8.7472 co-solvent
341.628 468.888 15.0336 8.7472 that
359.939 468.888 25.5043 8.7472 drasti-

53.8583 480.850 19.4868 8.7472 cally
76.8191 480.850 30.4756 8.7472 reduces
110.777 480.850 12.2341 8.7472 the
126.424 480.850 32.2290 8.7472 solution
162.084 480.850 35.5595 8.7472 viscosity
201.030 480.850 14.4159 8.7472 and
218.888 480.850 18.2515 8.7472 does
240.602 480.850 12.7621 8.7472 not
256.759 480.850 49.4344 8.7472 signiﬁcantly
309.653 480.850 36.6783 8.7472 inﬂuence
349.791 480.850 12.2341 8.7472 the
365.438 480.850 19.9949 8.7472 reac-

53.8583 492.812 21.1606 8.7472 tivity
79.0298 492.812 8.2988 8.7472 of
91.2758 492.812 12.2341 8.7472 the
107.489 492.812 34.9488 8.7472 sulfating
146.437 492.812 21.6687 8.7472 agent
172.119 492.812 24.1195 8.7472 [162].
200.182 492.812 9.9526 8.7472 At
214.128 492.812 4.4533 8.7472 a
222.519 492.812 12.7621 8.7472 2:1
239.243 492.812 23.3324 8.7472 molar
266.568 492.812 18.4388 8.7472 ratio
288.961 492.812 8.2988 8.7472 of
301.207 492.812 12.6525 8.7472 SO
313.908 496.655 3.7359 5.8308 3
317.650 492.812 51.6431 8.7472 -DMF/AGU,
373.265 492.812 12.2341 8.7472 the

53.8596 504.775 34.9488 8.7472 sulfation
92.8642 504.775 8.2988 8.7472 of
105.110 504.775 65.1843 8.7472 microcrystalline
174.274 504.775 35.5565 8.7472 cellulose
213.846 504.775 7.7808 8.7472 in
225.580 504.775 37.1027 8.7472 BMIMCl
266.682 504.775 14.4159 8.7472 and
285.050 504.775 61.3716 8.7472 BMIMCl/DMF
350.473 504.775 35.0205 8.7472 mixtures

53.8596 516.737 20.5230 8.7472 leads
78.3506 516.737 7.7808 8.7472 to
90.0856 516.737 46.7306 8.7472 comparable
140.825 516.737 12.6525 8.7472 DS
157.435 516.737 25.5043 8.7472 values
186.916 516.737 8.3636 8.7472 of
199.162 516.737 22.1967 8.7472 about
225.353 516.737 19.9252 8.7472 0.86.
249.278 516.737 34.9289 8.7472 Whereas
288.225 516.737 12.1344 8.7472 CS
304.326 516.737 46.6559 8.7472 synthesized
354.952 516.737 30.4955 8.7472 without

53.8596 528.642 41.6825 8.7472 co-solvent
98.3625 528.642 6.6351 8.7472 is
107.773 528.642 39.1729 8.7472 insoluble,
149.781 528.642 12.2341 8.7472 the
164.861 528.642 20.5329 8.7472 other
188.219 528.642 27.7857 8.7472 readily
218.890 528.642 36.5030 8.7472 dissolves
258.234 528.642 7.7808 8.7472 in
268.835 528.642 24.7710 8.7472 water.

65.8217 540.604 57.6446 8.7472 Homogeneous
125.915 540.604 34.9488 8.7472 sulfation
163.331 540.604 8.2988 8.7472 of
174.046 540.604 35.5565 8.7472 cellulose
212.086 540.604 7.7808 8.7472 in
222.291 540.604 9.4346 8.7472 IL
234.139 540.604 26.0223 8.7472 allows
262.599 540.604 25.6168 8.7472 tuning
290.604 540.604 8.2988 8.7472 of
301.319 540.604 12.1344 8.7472 CS
315.833 540.604 39.9959 8.7472 properties
358.295 540.604 27.1780 8.7472 simply

53.8596 552.566 9.9626 8.7472 by
65.9353 552.566 36.6126 8.7472 adjusting
104.712 552.566 12.2341 8.7472 the
119.055 552.566 29.9775 8.7472 amount
151.143 552.566 8.3636 8.7472 of
161.575 552.566 34.9488 8.7472 sulfating
198.708 552.566 21.6687 8.7472 agent
222.462 552.566 14.4159 8.7472 and
239.016 552.566 35.9949 8.7472 choosing
277.170 552.566 34.5144 8.7472 different
313.793 552.566 21.0510 8.7472 types
336.980 552.566 8.2988 8.7472 of
347.355 552.566 38.1498 8.7472 cellulose.

53.8596 564.528 6.6351 8.7472 If
65.7081 564.528 41.1465 8.7472 conducted
112.025 564.528 7.2528 8.7472 at
124.497 564.528 21.0609 8.7472 room
150.745 564.528 50.3878 8.7472 temperature,
206.361 564.528 12.2341 8.7472 the
223.822 564.528 32.2390 8.7472 reaction
261.352 564.528 20.5230 8.7472 leads
287.091 564.528 17.7434 8.7472 only
310.051 564.528 7.7808 8.7472 to
323.034 564.528 23.8604 8.7472 minor
352.116 564.528 33.2950 8.7472 polymer

53.8596 576.490 49.7741 8.7472 degradation.
108.510 576.490 17.8032 8.7472 This
131.187 576.490 25.5043 8.7472 makes
161.631 576.490 12.2341 8.7472 the
178.808 576.490 39.9201 8.7472 procedure
223.709 576.490 33.9027 8.7472 valuable
262.543 576.490 11.6164 8.7472 for
279.097 576.490 12.2341 8.7472 the
296.217 576.490 45.6437 8.7472 preparation
346.731 576.490 8.2988 8.7472 of
359.940 576.490 25.4943 8.7472 water-

53.8596 588.452 28.8318 8.7472 soluble
86.0039 588.452 12.1344 8.7472 CS
101.367 588.452 17.7334 8.7472 over
122.400 588.452 4.4533 8.7472 a
130.110 588.452 19.3872 8.7472 wide
152.787 588.452 12.6525 8.7472 DS
168.660 588.452 24.7710 8.7472 range.
196.666 588.452 8.2988 8.7472 In
208.175 588.452 40.9463 8.7472 particular,
252.395 588.452 33.8788 8.7472 capsules
289.528 588.452 8.2988 8.7472 of
301.037 588.452 12.1344 8.7472 CS
316.457 588.452 17.7334 8.7472 with
337.434 588.452 14.9339 8.7472 low
355.632 588.452 12.6525 8.7472 DS
371.562 588.452 13.8879 8.7472 can

53.8582 36.9709 34.4571 7.4351 Cellulose:
90.7084 36.9709 31.1122 7.4351 Structure
124.213 36.9709 12.2535 7.4351 and
138.897 36.9709 34.3724 7.4351 Properties

377.064 36.9709 8.4682 7.4351 31

53.8582 484.819 9.4346 8.7472 be
66.3872 484.819 35.0325 8.7472 prepared
104.540 484.819 40.6404 8.7472 efﬁciently
148.250 484.819 7.7808 8.7472 in
159.136 484.819 53.9923 8.7472 IL/co-solvent
216.224 484.819 35.0205 8.7472 mixtures
254.321 484.819 14.4159 8.7472 and
271.896 484.819 12.2241 8.7472 are
287.260 484.819 8.2988 8.7472 of
298.655 484.819 29.4395 8.7472 interest
331.252 484.819 11.6164 8.7472 for
345.992 484.819 39.4778 8.7472 bioencap-

53.8582 496.781 31.6313 8.7472 sulation
88.3836 496.781 48.3186 8.7472 applications
139.576 496.781 24.1215 8.7472 [162].

53.8582 538.540 19.9252 8.9066 7.1.3
83.7918 538.540 44.3784 8.9066 Structural
130.959 538.540 28.7222 8.9066 Design
162.537 538.540 8.2988 8.9066 of
173.648 538.540 38.8601 8.9066 Cellulose
215.373 538.540 10.4807 8.9066 by
228.640 538.540 53.3079 8.9066 Nucleophilic
284.764 538.540 57.6237 8.9066 Displacement

83.7918 550.502 41.5929 8.9066 Reactions

53.8582 574.449 8.2988 8.7472 In
65.6499 574.449 32.7770 8.7472 addition
101.989 574.449 7.7808 8.7472 to
113.214 574.449 27.2676 8.7472 typical
144.054 574.449 50.5971 8.7472 modiﬁcation
198.138 574.449 8.2988 8.7472 of
209.930 574.449 12.2341 8.7472 the
225.634 574.449 36.0766 8.7472 hydroxyl
265.204 574.449 27.0783 8.7472 groups
295.818 574.449 8.2988 8.7472 of
307.610 574.449 38.1498 8.7472 cellulose,
349.222 574.449 36.2788 8.7472 chemical

53.8582 586.411 50.5971 8.7472 modiﬁcation
106.524 586.411 13.8879 8.7472 can
122.454 586.411 9.4346 8.7472 be
133.906 586.411 27.8853 8.7472 carried
163.783 586.411 12.7621 8.7472 out
178.580 586.411 9.9626 8.7472 by
190.598 586.411 32.2390 8.7472 reaction
224.953 586.411 7.2528 8.7472 at
234.195 586.411 12.2341 8.7472 the
248.481 586.411 6.6351 8.7472 C
257.156 586.411 23.8505 8.7472 atoms
283.064 586.411 8.3636 8.7472 of
293.439 586.411 12.2341 8.7472 the
307.726 586.411 23.9501 8.7472 AGU.
333.747 586.411 51.7278 8.7472 Nucleophilic

53.8582 598.373 52.8705 8.7472 displacement
111.457 598.373 8.8169 8.7472 (S
120.302 602.218 5.3648 5.8308 N
125.688 598.375 3.3175 8.7472 )
133.738 598.375 36.0746 8.7472 reactions
174.613 598.375 17.7334 8.7472 with
197.063 598.375 35.6631 8.7472 cellulose
237.427 598.375 12.2241 8.7472 are
254.379 598.375 22.7048 8.7472 based
281.874 598.375 9.9626 8.7472 on
296.557 598.375 12.2341 8.7472 the
313.509 598.375 58.8849 8.7472 transformation
377.174 598.375 8.2988 8.7472 of

53.8582 459.151 13.9302 7.5706 Fig.
70.1857 459.151 8.4682 7.5706 26
84.6426 459.219 39.5719 7.4351 Mechanism
126.595 459.219 7.0540 7.4351 of
136.006 459.219 33.5764 7.4351 activation
172.006 459.219 7.0540 7.4351 of
181.417 459.219 35.8713 7.4351 carboxylic
219.741 459.219 17.4445 7.4351 acids
239.584 459.219 15.0734 7.4351 with
257.045 459.236 13.3967 7.4520 N,N
270.425 457.318 1.6004 5.9275 0
272.522 459.219 72.7164 7.4351 -carbonyldiimidazole

53.8586 36.8587 8.4682 7.4351 32

351.722 36.8587 7.3165 7.4351 T.
361.416 36.8587 24.0497 7.4351 Heinze

53.8582 273.071 36.0706 8.7472 hydroxyl
92.9763 273.071 27.1431 8.7472 groups
123.193 273.071 8.2988 8.7472 of
134.589 273.071 12.2341 8.7472 the
149.895 273.071 46.1229 8.7472 biopolymer
199.161 273.071 7.7808 8.7472 to
209.990 273.071 4.4533 8.7472 a
217.529 273.071 19.9252 8.7472 good
240.603 273.071 29.4494 8.7472 leaving
273.144 273.071 25.7334 8.7472 group,
302.000 273.071 27.8853 8.7472 mainly
332.955 273.071 9.9626 8.7472 by
345.994 273.071 39.4987 8.7472 tosylation

53.8582 285.033 20.8019 8.7472 [163,
77.4985 285.033 20.8318 8.7472 164].
101.195 285.033 7.1531 8.7472 A
111.229 285.033 22.7147 8.7472 broad
136.854 285.033 27.8853 8.7472 variety
167.582 285.033 8.3636 8.7472 of
178.808 285.033 35.5565 8.7472 cellulose
217.358 285.033 43.9480 8.7472 derivatives
264.185 285.033 12.2241 8.7472 are
279.322 285.033 43.1271 8.7472 accessible,
325.356 285.033 8.2889 8.7472 as
336.524 285.033 48.9064 8.7472 summarized

53.8572 296.938 7.7808 8.7472 in
63.9483 296.938 22.8044 8.7472 Table
89.1198 296.938 7.4799 8.7472 2.
98.9280 296.938 15.5516 8.7472 The
116.786 296.938 5.4994 8.7472 S
122.286 300.838 5.3648 5.8308 N
129.996 296.939 32.2390 8.7472 reaction
164.579 296.939 26.0871 8.7472 occurs
192.982 296.939 26.6500 8.7472 almost
222.008 296.939 45.6177 8.7472 exclusively
269.969 296.939 7.2528 8.7472 at
279.550 296.939 12.2341 8.7472 the
294.120 296.939 31.6313 8.7472 primary
328.079 296.939 32.2290 8.7472 position
362.604 296.939 8.2988 8.7472 of
373.262 296.939 12.2341 8.7472 the

53.8586 308.901 37.2203 8.7472 repeating
93.5426 308.901 18.1170 8.7472 unit,
114.065 308.901 19.3972 8.7472 most
135.891 308.901 35.4768 8.7472 probably
173.818 308.901 11.6164 8.7472 for
187.821 308.901 21.7384 8.7472 steric
211.972 308.901 32.3486 8.7472 reasons.
246.781 308.901 15.5516 8.7472 The
264.752 308.901 5.4994 8.7472 S
270.255 312.800 5.3648 5.8308 N
278.022 308.901 8.2988 8.7472 of
288.736 308.901 4.4533 8.7472 a
295.597 308.901 31.1032 8.7472 tosylate
329.159 308.901 27.8853 8.7472 moiety
359.433 308.901 26.0223 8.7472 occurs

53.8595 320.863 12.2341 8.7472 via
69.2796 320.863 4.4533 8.7472 a
76.9329 320.863 5.4994 8.7472 S
82.4315 324.763 5.3648 5.8308 N
87.8173 320.863 4.9813 8.7472 2
95.9239 320.863 45.6128 8.7472 mechanism
144.735 320.863 18.1080 8.7472 (i.e.,
165.994 320.863 4.4533 8.7472 a
173.648 320.863 37.7483 8.7472 transition
214.636 320.863 18.3411 8.7472 state
236.179 320.863 30.5672 8.7472 appears
269.911 320.863 42.2873 8.7472 containing
315.435 320.863 14.9339 8.7472 ﬁve
333.520 320.863 23.8505 8.7472 atoms
360.620 320.863 15.0336 8.7472 that
378.874 320.863 6.6351 8.7472 is

53.8588 332.825 25.5142 8.7472 hardly
82.2044 332.825 28.8318 8.7472 formed
113.895 332.825 7.2528 8.7472 at
123.986 332.825 12.2341 8.7472 the
139.066 332.825 40.4382 8.7472 secondary
182.379 332.825 36.0646 8.7472 positions
221.270 332.825 8.2988 8.7472 of
232.381 332.825 12.2341 8.7472 the
247.405 332.825 35.5695 8.7472 modiﬁed
285.786 332.825 27.2676 8.7472 AGU).

53.8582 381.100 14.9439 10.5683 7.2
80.7871 381.100 33.2352 10.5683 Amino
117.411 381.100 45.9076 10.5683 Cellulose

53.8582 410.551 46.0402 8.7472 Conversion
102.897 410.551 8.2988 8.7472 of
114.178 410.551 35.5565 8.7472 cellulose
152.785 410.551 31.1730 8.7472 tosylate
186.971 410.551 17.7334 8.7472 with
207.720 410.551 36.1742 8.7472 diamines
246.895 410.551 8.2988 8.7472 or
258.177 410.551 48.9293 8.7472 oligoamines
310.107 410.551 23.8505 8.7472 yields
336.979 410.551 37.2272 8.7472 polymers
377.174 410.551 8.2988 8.7472 of

53.8582 422.513 12.2341 8.7472 the
71.2061 422.513 17.2154 8.7472 type
93.5990 422.513 22.6051 8.7472 P-CH
116.277 426.356 3.7359 5.8308 2
120.018 422.513 52.4601 8.7472 -NH-(X)-NH
172.516 426.356 3.7359 5.8308 2
181.360 422.513 8.8169 8.7472 (P
191.849 421.637 7.6712 9.9626 ¼
201.203 422.513 38.4706 8.7472 cellulose;
244.799 422.513 7.1531 8.7472 X
253.644 421.637 7.6712 9.9626 ¼
262.998 422.513 36.4801 8.7472 alkylene,
304.553 422.513 18.1379 8.7472 aryl,
327.796 422.513 44.2728 8.7472 aralkylene,
377.175 422.513 8.2988 8.7472 or

53.8593 434.475 48.4332 8.7472 oligoamine)
104.315 434.475 7.2528 8.7472 at
113.669 434.475 32.1593 8.7472 position
147.912 434.475 4.9813 8.7472 6
154.941 434.475 19.0883 8.7472 (Fig.
176.088 434.475 15.7857 8.7472 27).
193.946 434.475 23.8405 8.7472 These
219.855 434.475 35.6422 8.7472 cellulose
257.555 434.475 43.9620 8.7472 derivatives
303.589 434.475 13.8879 8.7472 can
319.519 434.475 19.3972 8.7472 form
341.006 434.475 44.4641 8.7472 transparent

53.8583 446.381 19.9152 8.7472 ﬁlms
76.6487 446.381 14.4159 8.7472 and
93.9398 446.381 13.8879 8.7472 can
110.664 446.381 9.4346 8.7472 be
122.965 446.381 18.2515 8.7472 used
144.055 446.381 11.6164 8.7472 for
158.512 446.381 12.2341 8.7472 the
173.649 446.381 61.2869 8.7472 immobilization
237.768 446.381 8.3636 8.7472 of
248.937 446.381 34.9388 8.7472 enzymes
286.807 446.381 18.2515 8.7472 such
307.897 446.381 8.2889 8.7472 as
319.065 446.381 30.4856 8.7472 glucose
352.457 446.381 32.9762 8.7472 oxidase,

53.8583 458.343 45.8040 8.7472 peroxidase,
102.216 458.343 14.4159 8.7472 and
119.111 458.343 26.2973 8.7472 lactate
147.911 458.343 33.0599 8.7472 oxidase.
183.457 458.343 15.5516 8.7472 The
201.542 458.343 34.4138 8.7472 products
238.449 458.343 12.2241 8.7472 are
253.189 458.343 24.4482 8.7472 useful
280.117 458.343 8.2889 8.7472 as
290.889 458.343 44.5627 8.7472 biosensors.
338.000 458.343 30.4955 8.7472 Soluble
371.052 458.343 14.4159 8.7472 and

53.8583 470.305 51.6322 8.7472 ﬁlm-forming
114.462 470.305 35.5565 8.7472 cellulose
159.022 470.305 43.9620 8.7472 derivatives
211.915 470.305 17.7334 8.7472 with
238.617 470.305 80.0116 8.7472 redox–chromogenic
327.624 470.305 14.4159 8.7472 and
350.981 470.305 34.4208 8.7472 enzyme-

53.8583 482.267 54.0092 8.7472 immobilizing
110.720 482.267 89.2679 8.7472 1,4-phenylenediamine
202.845 482.267 27.0783 8.7472 groups
232.722 482.267 18.9339 8.7472 have
254.436 482.267 18.9339 8.7472 been
276.149 482.267 33.3797 8.7472 reported
312.319 482.267 44.0775 8.7472 [174–178].

65.8213 494.229 22.4059 8.7472 Thus,
91.1064 494.229 5.5990 8.7472 it
99.5537 494.229 6.6351 8.7472 is
109.021 494.229 32.7431 8.7472 possible
144.567 494.229 7.7808 8.7472 to
155.168 494.229 26.0970 8.7472 design
184.139 494.229 24.9962 8.7472 amino
211.974 494.229 39.4778 8.7472 celluloses
254.323 494.229 17.7334 8.7472 with
274.903 494.229 39.9959 8.7472 properties
317.762 494.229 15.0336 8.7472 that
335.677 494.229 22.1867 8.7472 differ
360.735 494.229 10.2714 8.7472 in,
373.887 494.229 11.6164 8.7472 for

53.8593 506.191 36.4801 8.7472 example,
94.4509 506.191 12.2341 8.7472 the
110.778 506.191 32.8557 8.7472 distance
147.741 506.191 8.2988 8.7472 of
160.157 506.191 12.2341 8.7472 the
176.541 506.191 33.3847 8.7472 terminal
214.071 506.191 14.3063 8.7472 NH
228.415 510.035 3.7359 5.8308 2
236.296 506.192 27.0783 8.7472 groups
267.476 506.192 19.3972 8.7472 from
291.004 506.192 12.2341 8.7472 the
307.389 506.192 35.5565 8.7472 cellulose
347.129 506.192 38.3470 8.7472 backbone

53.8589 518.154 28.8118 8.7472 (spacer
87.0234 518.154 28.7122 8.7472 effect),
120.018 518.154 33.5939 8.7472 basicity,
157.945 518.154 14.4159 8.7472 and
176.710 518.154 40.3286 8.7472 reactivity.
221.384 518.154 41.8808 8.7472 Moreover,
267.588 518.154 11.0983 8.7472 di-
282.951 518.154 14.4159 8.7472 and
301.717 518.154 48.9293 8.7472 oligoamines
354.951 518.154 30.4955 8.7472 provide

53.8589 530.116 34.4208 8.7472 different
92.3524 530.116 39.9201 8.7472 properties
136.288 530.116 18.2515 8.7472 such
158.568 530.116 8.2889 8.7472 as
170.814 530.116 12.1344 8.7472 pH
186.915 530.116 21.7444 8.7472 value
212.597 530.116 14.4159 8.7472 and
231.021 530.116 26.6400 8.7472 charge
261.692 530.116 48.6444 8.7472 distribution,
314.303 530.116 28.3137 8.7472 control
346.617 530.116 8.2988 8.7472 of
358.863 530.116 26.6320 8.7472 hydro-

53.8589 542.022 64.0924 8.7472 philic/lipophilic
121.548 542.022 33.0659 8.7472 balance,
158.228 542.022 14.4159 8.7472 and
176.199 542.022 80.0116 8.7472 redox–chromogenic
259.820 542.022 42.4915 8.7472 properties.
305.853 542.022 54.4287 8.7472 Chromogenic
363.905 542.022 21.5790 8.7472 prop-

53.8589 553.984 21.6587 8.7472 erties
79.8802 553.984 35.5565 8.7472 (electron
119.848 553.984 38.9767 8.7472 mediator)
163.103 553.984 17.2154 8.7472 play
184.703 553.984 9.4346 8.7472 an
198.423 553.984 38.9926 8.7472 important
241.735 553.984 15.5516 8.7472 role
261.634 553.984 7.7808 8.7472 in
273.710 553.984 12.2341 8.7472 the
290.264 553.984 13.2702 8.7472 use
307.895 553.984 8.2988 8.7472 of
320.481 553.984 24.9962 8.7472 amino
349.847 553.984 35.5565 8.7472 cellulose

53.8589 565.946 43.9620 8.7472 derivatives
100.629 565.946 8.2889 8.7472 as
111.740 565.946 45.5082 8.7472 transducers
160.042 565.946 7.7808 8.7472 in
170.643 565.946 12.2341 8.7472 the
185.723 565.946 17.7334 8.7472 ﬁeld
206.303 565.946 8.2988 8.7472 of
217.414 565.946 42.1029 8.7472 biosensors
262.315 565.946 24.0657 8.7472 [179].

53.8582 62.4716 20.7132 7.5706 Table
76.9891 62.4716 4.2341 7.5706 2
87.1933 62.5393 25.9974 7.4351 Typical
115.596 62.5393 29.1814 7.4351 products
147.117 62.5393 7.0540 7.4351 of
156.585 62.5393 42.0446 7.4351 nucleophilic
201.032 62.5393 44.8561 7.4351 displacement
248.314 62.5393 30.6634 7.4351 reactions
281.366 62.5393 7.0540 7.4351 of
290.834 62.5393 30.2230 7.4351 cellulose
323.432 62.5393 26.4377 7.4351 tosylate

56.6925 77.5060 27.8434 7.4351 Reagent

155.281 77.5060 26.3615 7.4351 Product

347.129 77.5060 34.4402 7.4351 Reference

56.6925 89.9221 9.8655 7.4351 Na
66.5575 93.2083 3.1755 4.9562 2
69.7323 89.9220 4.6744 7.4351 S
74.4378 93.2083 3.1755 4.9562 2
77.6126 89.9220 6.0802 7.4351 O
83.6787 93.2083 3.1755 4.9562 3

155.281 89.9220 82.9071 7.4351 6-Deoxy-6-S-thiosulfato
240.604 89.9220 30.2230 7.4351 cellulose

347.130 89.9220 18.3531 7.4351 [165]

56.6925 101.713 26.2599 7.4351 NaSCH
82.9984 105.000 3.1755 4.9562 3
86.1732 101.714 2.1170 7.4351 ,

155.281 101.714 153.065 7.4351 6-Deoxy-6-thiomethyl-2,3-di-carboxymethyl

155.281 111.692 30.2230 7.4351 cellulose

347.130 101.714 18.3531 7.4351 [166]

56.6920 123.484 20.6201 7.4351 NaSO
77.3291 126.770 3.1755 4.9562 3

155.281 123.484 26.3700 7.4351 Sodium
184.025 123.484 83.5693 7.4351 deoxysulfate-co-tosylate
269.971 123.484 30.2230 7.4351 cellulose

347.130 123.484 17.6503 7.4351 [167,
367.142 123.484 15.5188 7.4351 168]

56.6925 135.332 15.9456 7.4351 NaN
72.6803 138.619 3.1755 4.9562 3

155.281 135.332 57.9140 7.4351 6-Deoxy-6-azido
215.660 135.332 30.2230 7.4351 cellulose

347.130 135.332 18.3531 7.4351 [169]

56.6925 147.124 46.7953 7.4351 Iminodiacetic
105.902 147.124 14.1842 7.4351 acid

155.281 147.124 85.8506 7.4351 6-Deoxy-6-iminodiacetic
243.609 147.124 14.1842 7.4351 acid
260.163 147.124 30.2230 7.4351 cellulose
292.818 147.124 24.9558 7.4351 sodium
320.144 147.124 11.8047 7.4351 salt

347.130 147.124 18.3523 7.4351 [170]

56.6916 158.916 48.2095 7.4351 Triethylamine

155.280 158.916 102.795 7.4351 6-Deoxy-6-triethylammonium
260.560 158.916 30.2230 7.4351 cellulose

347.130 158.916 18.3514 7.4351 [171]

56.6907 170.725 64.5675 7.4520 N,N-Dimethyl-1,3-

56.6907 180.686 55.1873 7.4351 diaminopropane

155.279 170.708 168.988 7.4351 6-Deoxy-6-(N,N-dimethyl-3-aminopropyl)ammo-

155.279 180.686 17.4614 7.4351 nium
175.121 180.686 30.2230 7.4351 cellulose

347.128 170.708 18.3531 7.4351 [171]

56.6899 192.478 89.3285 7.4351 2,4,6-Tris(N,N-dimethyla-

56.6907 202.457 67.0089 7.4351 minomethyl)phenol

155.279 192.478 174.459 7.4351 6-Deoxy-6-(2,6-di(N,N-dimethylaminomethyl)phe-

155.279 202.457 117.746 7.4351 nol)-4-methyl-N,N-dimethylamino
275.468 202.457 30.2230 7.4351 cellulose

347.128 192.478 18.3531 7.4351 [171]

56.6899 214.265 20.5515 7.4520 R(+)-,
79.5938 214.265 21.3627 7.4520 S(À)-,
103.347 214.248 12.2535 7.4351 and
117.975 214.248 26.9543 7.4351 racemic

56.6899 224.227 67.9658 7.4351 1-phenylethylamine

155.278 214.248 113.644 7.4351 6-Deoxy-6-(1-phenylethyl)amino
271.329 214.248 30.2230 7.4351 cellulose

347.127 214.248 18.3531 7.4351 [172]

56.6890 236.019 52.3589 7.4351 Aminomethane

155.278 236.019 84.3687 7.4351 6-Deoxy-6-methylamino
242.075 236.019 30.2230 7.4351 cellulose

347.127 236.019 18.3514 7.4351 [173]

53.8539 36.9706 34.4571 7.4351 Cellulose:
90.7041 36.9706 31.1122 7.4351 Structure
124.209 36.9706 12.2535 7.4351 and
138.893 36.9706 34.3724 7.4351 Properties

377.059 36.9706 8.4682 7.4351 33

65.8204 330.104 33.3657 8.7472 Because
103.633 330.104 8.2988 8.7472 of
116.389 330.104 12.2341 8.7472 the
133.113 330.104 72.3773 8.7472 multifunctionality
209.988 330.104 8.2988 8.7472 of
222.744 330.104 35.5565 8.7472 cellulose
262.825 330.104 14.4159 8.7472 and
281.760 330.104 12.2341 8.7472 the
298.428 330.104 32.3286 8.7472 stability
335.221 330.104 8.2988 8.7472 of
347.977 330.104 37.5261 8.7472 tosylates,

53.8583 342.066 50.5971 8.7472 modiﬁcation
108.793 342.066 8.2988 8.7472 of
121.435 342.066 12.2341 8.7472 the
138.046 342.066 40.4382 8.7472 secondary
182.889 342.066 14.3063 8.7472 OH
201.541 342.066 27.1431 8.7472 groups
233.006 342.066 19.4669 8.7472 prior
256.760 342.066 7.7808 8.7472 to
268.893 342.066 12.2341 8.7472 the
285.503 342.066 5.4994 8.7472 S
291.004 345.909 5.3648 5.8308 N
300.699 342.066 32.2390 8.7472 reaction
337.322 342.066 13.8879 8.7472 can
355.577 342.066 16.1494 8.7472 also
376.043 342.066 9.4346 8.7472 be

53.8589 354.028 27.7757 8.7472 carried
85.3227 354.028 12.7621 8.7472 out
101.707 354.028 7.7808 8.7472 to
113.102 354.028 26.1199 8.7472 design
142.808 354.028 12.2341 8.7472 the
158.682 354.028 39.9959 8.7472 properties
202.335 354.028 8.2988 8.7472 of
214.240 354.028 12.2341 8.7472 the
230.114 354.028 36.9045 8.7472 products.
270.649 354.028 15.5516 8.7472 The
289.867 354.028 14.3063 8.7472 OH
307.782 354.028 27.0783 8.7472 groups
338.566 354.028 7.2528 8.7472 at
349.451 354.028 35.9949 8.7472 positions

53.8589 365.990 4.9813 8.7472 2
61.5121 365.990 14.4159 8.7472 and
78.5761 365.990 4.9813 8.7472 3
86.2293 365.990 12.2241 8.7472 are
101.082 365.990 41.1206 8.7472 preferably
144.906 365.990 36.6723 8.7472 esteriﬁed
184.250 365.990 7.7808 8.7472 to
194.682 365.990 23.9262 8.7472 adjust
221.270 365.990 12.2341 8.7472 the
236.180 365.990 42.5154 8.7472 properties,
281.307 365.990 37.8549 8.7472 including
321.785 365.990 12.2341 8.7472 the
336.695 365.990 37.8280 8.7472 solubility
377.173 365.990 8.2988 8.7472 of

53.8589 377.952 12.2341 8.7472 the
71.3771 377.952 35.8823 8.7472 polymer.
112.478 377.952 34.9289 8.7472 Whereas
152.729 377.952 24.9962 8.7472 amino
183.059 377.952 39.4947 8.7472 celluloses
227.789 377.952 42.6001 8.7472 possessing
275.638 377.952 27.8853 8.7472 mainly
308.747 377.952 14.3063 8.7472 OH
328.362 377.952 27.0783 8.7472 groups
360.733 377.952 7.2528 8.7472 at
373.206 377.952 12.2341 8.7472 the

53.8589 389.914 40.5239 8.7472 secondary
97.7959 389.914 35.9949 8.7472 positions
137.253 389.914 12.2241 8.7472 are
152.901 389.914 22.1767 8.7472 water
178.525 389.914 31.3922 8.7472 soluble,
213.335 389.914 12.2341 8.7472 the
228.982 389.914 47.9191 8.7472 additionally
280.288 389.914 36.5926 8.7472 esteriﬁed
320.370 389.914 33.2950 8.7472 polymer
357.106 389.914 28.3037 8.7472 deriva-

53.8589 401.820 18.8692 8.7472 tives
75.0613 401.820 12.2241 8.7472 are
89.5748 401.820 28.8318 8.7472 soluble
120.698 401.820 7.7808 8.7472 in
130.790 401.820 29.9675 8.7472 organic
163.047 401.820 32.7371 8.7472 solvents
198.083 401.820 18.2515 8.7472 such
218.606 401.820 8.2889 8.7472 as
229.207 401.820 27.5765 8.7472 DMAc
259.084 401.820 14.4159 8.7472 and
275.808 401.820 13.8879 8.7472 can
292.022 401.820 19.3972 8.7472 form
313.679 401.820 53.3716 8.7472 nanoparticles
369.408 401.820 16.0597 8.7472 (see

53.8589 413.782 19.6961 8.7472 Sect.
76.4221 413.782 18.2804 8.7472 5.2).

65.8200 425.744 71.6510 8.7472 6-Deoxy-6-amino
144.395 425.744 35.6422 8.7472 cellulose
187.026 425.744 23.2328 8.7472 forms
217.300 425.744 33.3946 8.7472 multiple
257.721 425.744 43.4260 8.7472 oligomeric
308.120 425.744 28.9244 8.7472 species
344.006 425.744 15.0336 8.7472 that
366.059 425.744 19.3773 8.7472 were

53.8579 437.706 43.3363 8.7472 discovered
100.628 437.706 21.5790 8.7472 using
125.629 437.706 12.2341 8.7472 the
141.333 437.706 57.7392 8.7472 hydrodynamic
202.504 437.706 38.9697 8.7472 technique
244.910 437.706 8.2988 8.7472 of
256.645 437.706 39.0823 8.7472 analytical
299.108 437.706 74.6707 8.7472 ultracentrifugation
377.174 437.706 8.2889 8.7472 as

53.8579 449.668 4.4533 8.7472 a
61.2282 449.668 25.2811 8.7472 probe.
89.4044 449.668 13.7982 8.7472 For
106.128 449.668 22.1867 8.7472 every
131.243 449.668 24.9962 8.7472 amino
159.192 449.668 35.6422 8.7472 cellulose
197.799 449.668 31.4031 8.7472 studied,
232.097 449.668 12.2341 8.7472 the
247.234 449.668 56.1980 8.7472 sedimentation
306.420 449.668 42.1916 8.7472 coefﬁcient
351.604 449.668 33.8131 8.7472 distribu-

53.8579 461.630 19.3972 8.7472 tions
77.1016 461.630 31.8066 8.7472 indicate
112.760 461.630 4.9813 8.7472 4
121.604 461.630 8.2988 8.7472 or
133.737 461.630 4.9813 8.7472 5
142.524 461.630 31.1580 8.7472 discrete
177.560 461.630 31.4031 8.7472 species,
212.822 461.630 17.7334 8.7472 with
234.422 461.630 4.4533 8.7472 a
242.698 461.630 34.3112 8.7472 stepwise
280.966 461.630 32.7471 8.7472 increase
317.645 461.630 7.7808 8.7472 in
329.267 461.630 56.2100 8.7472 sedimentation

53.8579 473.592 44.7679 8.7472 coefﬁcient.
102.726 473.592 17.7334 8.7472 This
124.609 473.592 15.4420 8.7472 was
144.167 473.592 23.2427 8.7472 found
171.493 473.592 7.7808 8.7472 in
183.398 473.592 22.1867 8.7472 every
209.703 473.592 17.1954 8.7472 case
231.019 473.592 24.8766 8.7472 across
260.045 473.592 4.4533 8.7472 a
268.606 473.592 22.1867 8.7472 range
294.911 473.592 8.2988 8.7472 of
307.270 473.592 11.6164 8.7472 six
322.974 473.592 34.4905 8.7472 different
361.581 473.592 23.9202 8.7472 solute

53.8579 485.554 29.4156 8.7472 loading
86.9098 485.554 57.2321 8.7472 concentrations
147.683 485.554 22.3501 8.7472 (from
173.648 485.554 22.0462 8.7472 0.125
199.330 485.554 7.7808 8.7472 to
210.669 485.554 12.2381 8.7472 2.0
226.543 485.554 34.8352 8.7472 mg/mL).
264.924 485.554 13.6846 8.7472 For
282.158 485.554 35.8574 8.7472 example,
321.559 485.554 12.0498 8.7472 the
337.262 485.554 25.5899 8.7472 lowest
366.459 485.554 19.0206 8.7472 sedi-

53.8579 497.460 39.3363 8.7472 mentation
96.8873 497.460 41.4066 8.7472 coefﬁcient
142.013 497.460 8.2988 8.7472 of
153.976 497.460 205.423 8.7472 6-Deoxy-6-(2-(bis(2-aminoethyl)aminoethyl)amino)
363.111 497.460 22.4716 8.7472 cellu-

53.8579 509.422 15.8854 8.7472 lose
72.8496 509.422 15.2876 8.7472 was
91.3312 509.422 12.2381 8.7472 1.8
106.751 509.422 37.1555 8.7472 Svedberg
147.003 509.422 14.4258 8.7472 (S).
164.521 509.422 42.0053 8.7472 Additional
209.649 509.422 28.2699 8.7472 species
241.112 509.422 47.9530 8.7472 sedimenting
292.247 509.422 7.2528 8.7472 at
302.623 509.422 18.6759 8.7472 peak
324.450 509.422 31.7787 8.7472 maxima
359.428 509.422 8.2988 8.7472 of
370.823 509.422 14.7855 8.7472 2.8,

53.8579 521.384 14.7855 8.7472 4.0,
71.2057 521.384 12.2948 8.7472 5.1
86.1725 521.384 14.2784 8.7472 and
103.122 521.384 12.2948 8.7472 6.5
118.089 521.384 5.4994 8.7472 S
126.309 521.384 19.2228 8.7472 were
148.136 521.384 15.9033 8.7472 also
166.618 521.384 26.7506 8.7472 clearly
196.097 521.384 22.8960 8.7472 found
221.665 521.384 18.7048 8.7472 (Fig.
243.098 521.384 15.5596 8.7472 28).

168.390 172.084 4.0822 4.8588 O

138.316 179.887 7.8691 4.8588 RO

168.354 186.008 7.8565 4.8588 OR

181.131 179.329 4.0822 4.8588 O

158.680 166.023 4.0822 4.8588 O

165.623 162.182 3.4998 4.8588 S

159.898 156.745 4.0822 4.8588 O

170.772 167.613 4.0822 4.8588 O

84.7764 171.238 4.0822 4.8588 O

54.7086 179.041 7.8633 4.8588 HO

84.7402 185.162 7.8575 4.8588 OH

97.5175 178.476 4.0822 4.8588 O

75.0654 165.177 7.8518 4.8588 OH

108.776 168.679 20.0943 4.8588 TosCl/Et
128.851 171.314 2.1783 3.6279 3
131.042 168.679 3.7884 4.8588 N

109.736 182.844 25.6525 4.8588 (DMA/LiCl)

110.882 189.136 10.2492 4.8588 8°C,
122.554 189.136 5.8301 4.8588 24
129.837 189.136 2.9174 4.8588 h

134.937 226.212 3.7884 4.8588 R
140.164 226.213 3.0643 4.8588 =
144.665 226.212 3.7884 4.8588 H
149.894 226.212 4.6652 4.8588 or
160.618 227.119 3.4998 4.8588 S

160.330 220.475 4.0822 4.8588 O

160.330 233.769 4.0822 4.8588 O

142.775 238.524 22.7504 4.8588 according
166.984 238.524 4.3766 4.8588 to
172.820 238.524 7.2887 4.8588 DS
180.068 240.946 6.0965 3.6279 Tos

69.4425 195.447 22.4534 5.2471 cellulose

365.480 133.143 14.5791 5.2471 tetren

361.584 139.334 22.4576 5.2471 cellulose

317.000 136.184 4.0822 4.8588 O

287.082 143.937 7.8644 4.8588 RO

316.958 150.017 7.8575 4.8588 OR

329.658 143.378 4.0822 4.8588 O

307.506 130.002 7.5695 4.8588 NH

217.074 198.016 18.7618 4.7940 100°C,6
237.275 198.016 2.8785 4.7940 h

219.829 204.601 18.9792 4.7940 (DMSO)

217.074 142.266 18.7618 4.7940 100°C,6
237.275 142.266 2.8785 4.7940 h

219.829 148.847 18.9792 4.7940 (DMSO)

217.074 260.350 15.8833 4.7940 100°C,
234.397 260.350 2.8785 4.7940 6
238.715 260.350 2.8785 4.7940 h

219.829 266.931 18.9792 4.7940 (DMSO)

205.322 238.000 3.7884 4.8588 H
209.109 240.404 2.1783 3.6279 2
211.289 238.000 3.7884 4.8588 N

230.601 234.261 3.7884 4.8588 N

243.439 249.084 7.5695 4.8588 NH
251.007 251.495 2.1783 3.6279 2

199.405 123.352 3.7884 4.8588 H
203.192 125.762 2.1783 3.6279 2
205.376 123.352 3.7884 4.8588 N

224.708 127.061 3.7884 4.8588 N

224.708 131.424 3.7884 4.8588 H

244.027 118.989 3.7884 4.8588 H

244.027 123.352 3.7884 4.8588 N

263.352 127.061 3.7884 4.8588 N

263.352 131.424 3.7884 4.8588 H

282.678 123.352 7.5674 4.8588 NH
290.246 125.762 2.1783 3.6279 2

205.641 180.421 3.7884 4.8588 H
209.428 182.831 2.1783 3.6279 2
211.612 180.421 3.7884 4.8588 N

230.943 184.130 3.7884 4.8588 N

230.943 188.487 3.7884 4.8588 H

250.263 176.045 3.7884 4.8588 H

250.263 180.415 3.7884 4.8588 N

269.588 184.136 7.5705 4.8588 NH
277.156 186.539 2.1783 3.6279 2

367.078 195.805 11.3726 5.2471 trien

361.584 201.972 22.4576 5.2471 cellulose

316.670 199.146 4.0822 4.8588 O

286.752 206.894 7.8701 4.8588 RO

316.628 212.985 7.8575 4.8588 OR

329.333 206.341 4.0822 4.8588 O

303.376 192.958 7.5763 4.8588 HN

310.147 111.409 7.5752 4.8588 HN

326.826 96.5432 7.5742 4.8588 NH

329.472 77.9691 7.5684 4.8588 HN

346.144 63.1088 7.5773 4.8588 NH
353.712 65.5131 2.1783 3.6279 2

323.470 181.927 7.5684 4.8588 NH

330.702 165.651 7.5752 4.8588 HN

350.790 154.638 7.5752 4.8588 NH
358.364 157.042 2.1783 3.6279 2

317.000 262.768 4.0822 4.8588 O

287.082 270.528 7.8644 4.8588 RO

316.958 276.601 7.8575 4.8588 OR

329.658 269.958 4.0822 4.8588 O

303.707 256.586 7.5763 4.8588 HN

323.794 245.561 3.7884 4.8588 N

334.831 229.280 7.5695 4.8588 NH
342.399 231.690 2.1783 3.6279 2

341.493 254.155 7.5752 4.8588 NH
349.066 256.566 2.1783 3.6279 2

224.161 215.716 7.5779 4.8588 NH
231.729 218.125 2.1783 3.6279 2

368.452 254.106 9.9133 5.2471 tren

362.240 260.340 22.4576 5.2471 cellulose

148.189 195.863 12.2467 5.2471 tosyl
161.894 195.863 22.4576 5.2471 cellulose

53.8582 292.531 13.9302 7.5706 Fig.
72.2266 292.531 8.4682 7.5706 27
86.6835 292.599 30.2230 7.4351 Reaction
121.379 292.599 14.6330 7.4351 path
140.484 292.599 9.8739 7.4351 for
154.827 292.599 10.3989 7.4351 the
169.681 292.599 31.0275 7.4351 synthesis
205.171 292.599 7.0540 7.4351 of
216.679 292.599 58.8963 7.4351 6-deoxy-6-amino
280.062 292.599 30.2230 7.4351 cellulose
314.758 292.599 16.0303 7.4351 ester
335.281 292.599 37.2770 7.4351 derivatives
377.007 292.599 8.4682 7.4351 by

53.8582 302.520 42.0446 7.4351 nucleophilic
98.3052 302.520 44.8561 7.4351 displacement
145.587 302.520 7.0540 7.4351 of
154.998 302.520 16.4876 7.4351 tosyl
173.877 302.520 30.2230 7.4351 cellulose

53.8582 36.8577 8.4682 7.4351 34

351.722 36.8577 7.3165 7.4351 T.
361.416 36.8577 24.0497 7.4351 Heinze

65.8204 365.027 6.1170 8.7472 It
74.2677 365.027 6.6351 8.7472 is
83.2251 365.027 31.5416 8.7472 obvious
117.126 365.027 15.0336 8.7472 that
134.531 365.027 18.8692 8.7472 even
155.733 365.027 4.4533 8.7472 a
162.537 365.027 18.8791 8.7472 fully
183.739 365.027 39.5027 8.7472 reversible
225.578 365.027 62.2154 8.7472 self-association
290.151 365.027 67.3820 8.7472 (tetramerization)
359.939 365.027 25.5142 8.7472 within

53.8583 376.989 14.4159 8.7472 this
71.3765 376.989 26.1319 8.7472 family
100.629 376.989 8.2988 8.7472 of
111.968 376.989 69.4433 8.7472 6-deoxy-6-amino
184.478 376.989 39.4778 8.7472 celluloses
227.053 376.989 13.8879 8.7472 can
244.061 376.989 22.1867 8.7472 occur
269.346 376.989 19.1581 8.7472 (Fig.
291.514 376.989 15.8425 8.7472 29).
310.392 376.989 51.4190 8.7472 Remarkably,
364.930 376.989 20.5230 8.7472 these

53.8583 388.951 52.2548 8.7472 carbohydrate
110.380 388.951 37.3129 8.7472 tetramers
151.935 388.951 12.2241 8.7472 are
168.432 388.951 17.2154 8.7472 then
189.861 388.951 17.7235 8.7472 seen
211.858 388.951 7.7808 8.7472 to
223.877 388.951 36.1622 8.7472 associate
264.299 388.951 27.1680 8.7472 further
295.763 388.951 7.7808 8.7472 in
307.782 388.951 4.4533 8.7472 a
316.456 388.951 28.3037 8.7472 regular
349.054 388.951 16.5877 8.7472 way
369.916 388.951 15.5616 8.7472 into

53.8583 400.913 61.7671 8.7472 supramolecular
118.430 400.913 45.2970 8.7472 complexes.

65.8204 412.818 17.7334 8.7472 This
86.5127 412.818 35.0574 8.7472 behavior
124.496 412.818 15.4420 8.7472 was
142.921 412.818 23.2427 8.7472 found
169.169 412.818 11.6164 8.7472 for
183.739 412.818 12.2341 8.7472 the
198.989 412.818 15.4520 8.7472 ﬁrst
217.414 412.818 17.8331 8.7472 time
238.220 412.818 11.6164 8.7472 for
252.846 412.818 58.5671 8.7472 carbohydrates,
314.414 412.818 32.7491 8.7472 whereas
350.074 412.818 5.5990 8.7472 it
358.635 412.818 6.6351 8.7472 is
368.273 412.818 17.2054 8.7472 well

53.8583 424.780 27.1481 8.7472 known
83.8487 424.780 11.6164 8.7472 for
98.3622 424.780 51.1051 8.7472 polypeptides
152.332 424.780 14.4159 8.7472 and
169.680 424.780 32.1493 8.7472 proteins
204.716 424.780 18.2515 8.7472 such
225.862 424.780 47.8623 8.7472 hemoglobin
276.545 424.780 14.4159 8.7472 and
293.893 424.780 9.4346 8.7472 its
306.195 424.780 23.3224 8.7472 sickle
332.443 424.780 14.5055 8.7472 cell
349.848 424.780 35.5764 8.7472 mutation

53.8583 436.742 24.1194 8.7472 [182].
81.8642 436.742 15.5516 8.7472 The
101.309 436.742 20.1005 8.7472 large
125.290 436.742 62.8072 8.7472 self-assembling
191.959 436.742 31.7209 8.7472 cationic
227.675 436.742 38.8711 8.7472 structures
270.421 436.742 25.5043 8.7472 render
299.844 436.742 20.0149 8.7472 them
323.825 436.742 32.7431 8.7472 possible
360.449 436.742 24.9862 8.7472 candi-

53.8583 448.705 20.5230 8.7472 dates
77.1588 448.705 11.6164 8.7472 for
91.5020 448.705 43.4349 8.7472 mimicking
137.705 448.705 12.2341 8.7472 the
152.672 448.705 39.9959 8.7472 properties
195.418 448.705 8.2988 8.7472 of
206.474 448.705 32.7481 8.7472 histones
241.963 448.705 14.4159 8.7472 and
259.140 448.705 21.5790 8.7472 using
283.461 448.705 8.2889 8.7472 as
294.516 448.705 45.5102 8.7472 condensing
342.761 448.705 8.2988 8.7472 or
353.816 448.705 31.6313 8.7472 packing

53.8583 460.667 25.5043 8.7472 agents
82.6582 460.667 7.7808 8.7472 in
93.7137 460.667 47.5884 8.7472 DNA-based
144.566 460.667 36.0746 8.7472 therapies
183.967 460.667 24.1204 8.7472 [183].
211.294 460.667 20.4333 8.7472 Most
235.048 460.667 49.2541 8.7472 importantly,
287.545 460.667 36.8995 8.7472 however,
327.683 460.667 13.2801 8.7472 our
344.237 460.667 41.2531 8.7472 traditional

53.8583 472.629 46.1338 8.7472 perceptions
103.236 472.629 8.2889 8.7472 as
114.802 472.629 7.7808 8.7472 to
125.858 472.629 19.3872 8.7472 what
148.478 472.629 6.6351 8.7472 is
158.398 472.629 55.6919 8.7472 “protein-like”
217.359 472.629 14.4159 8.7472 and
235.047 472.629 19.3872 8.7472 what
257.724 472.629 6.6351 8.7472 is
267.589 472.629 79.6151 8.7472 “carbohydrate-like”
350.472 472.629 34.9488 8.7472 behavior

53.8583 484.591 17.2154 8.7472 may
73.9270 484.591 18.8692 8.7472 need
95.6405 484.591 7.7808 8.7472 to
106.184 484.591 9.4346 8.7472 be
118.486 484.591 51.1291 8.7472 reconsidered
172.401 484.591 24.1214 8.7472 [184].

53.8582 274.446 13.9302 7.5706 Fig.
76.0254 274.446 8.4682 7.5706 28
90.4815 274.514 50.4874 7.4351 Representative
149.271 274.514 47.6844 7.4351 sedimentation
205.228 274.514 35.8628 7.4351 coefﬁcient
249.392 274.514 42.4087 7.4351 distributions
300.076 274.514 7.0540 7.4351 of
315.326 274.514 70.0913 7.4351 6-deoxy-6-(2-(bis(2-

53.8582 284.492 106.225 7.4351 aminoethyl)aminoethyl)amino)
163.502 284.492 30.2230 7.4351 cellulose
197.121 284.492 10.7546 7.4351 DS
207.892 287.721 17.3192 4.9562 Amine
226.658 283.746 6.5205 8.4682 ¼
234.595 284.492 16.9364 7.4351 0.60,
254.891 284.492 6.1648 7.4351 at
264.415 284.492 24.9473 7.4351 various
292.705 284.492 51.9101 7.4351 concentrations:
348.038 284.509 16.4876 7.4520 solid
367.880 284.492 17.6164 7.4351 (──)

53.8587 294.413 10.5852 7.4351 2.0
66.5576 294.413 27.4200 7.4351 mg/mL;
96.1514 294.430 15.9626 7.4520 dash
114.236 294.413 7.0540 7.4351 (–
123.420 294.413 7.0540 7.4351 –)
132.605 294.413 10.5852 7.4351 1.0
145.360 294.413 27.4200 7.4351 mg/mL;
174.897 294.430 10.8478 7.4520 dot
187.879 294.413 18.3531 7.4351 (∙∙∙∙∙∙)
208.401 294.413 10.5852 7.4351 0.5
221.100 294.413 27.4200 7.4351 mg/mL;
250.694 294.430 15.9626 7.4520 dash
268.779 294.430 10.8478 7.4520 dot
281.761 294.413 7.0540 7.4351 (–
290.946 293.668 2.1170 8.4682 ∙
295.198 294.413 4.2341 7.4351 –
301.547 293.668 4.9175 8.4682 ∙)
308.633 294.413 14.8193 7.4351 0.25
325.584 294.413 27.4200 7.4351 mg/mL;
355.122 294.430 17.3683 7.4520 short
374.681 294.430 10.8478 7.4520 dot

53.8570 304.391 18.3531 7.4351 (∙∙∙∙∙∙)
76.4205 304.391 19.0534 7.4351 0.125
99.6648 304.391 27.1575 7.4351 mg/mL.
131.072 304.391 49.0986 7.4351 Sedimentation
184.420 304.391 27.4116 7.4351 velocity
216.055 304.391 26.8781 7.4351 patterns
247.180 304.391 16.4876 7.4351 from
267.872 304.391 10.3989 7.4351 the
282.500 304.391 30.6718 7.4351 Rayleigh
317.422 304.391 40.6135 7.4351 interference
362.323 304.391 23.1775 7.4351 optical

53.8561 314.369 23.5331 7.4351 system
81.2389 314.369 7.0540 7.4351 of
92.1806 314.369 10.3989 7.4351 the
106.410 314.369 32.0775 7.4351 Beckman
142.410 314.369 16.9195 7.4351 XL-I
163.217 314.369 50.0555 7.4351 ultracentrifuge
217.132 314.369 16.4706 7.4351 were
237.484 314.369 30.2230 7.4351 analyzed
271.614 314.369 18.3421 7.4351 using
293.838 314.369 10.3989 7.4351 the
308.068 314.369 28.6479 7.4351 SEDFIT
340.609 314.369 33.9321 7.4351 procedure
378.423 314.369 7.0540 7.4351 of

53.8561 324.290 24.9473 7.4351 Schuck
82.1458 324.290 12.2535 7.4351 and
97.6799 324.290 16.4791 7.4351 Dam
117.522 324.290 20.4702 7.4351 [180].
141.275 324.290 49.0986 7.4351 Sedimentation
193.716 324.290 39.1231 7.4351 coefﬁcients
236.179 324.290 16.4706 7.4351 were
256.022 324.290 42.0361 7.4351 extrapolated
301.377 324.290 6.6137 7.4351 to
311.298 324.290 14.6246 7.4351 zero
329.270 324.290 46.2702 7.4351 concentration
378.877 324.290 6.6137 7.4351 to

53.8561 334.269 23.6093 7.4351 correct
79.8780 334.269 9.8739 7.4351 for
92.1239 334.269 41.0792 7.4351 non-ideality
135.607 334.269 22.6355 7.4351 effects
160.665 334.269 18.3531 7.4351 [181]

53.8561 36.9717 34.4571 7.4351 Cellulose:
90.7063 36.9717 31.1122 7.4351 Structure
124.211 36.9717 12.2535 7.4351 and
138.895 36.9717 34.3724 7.4351 Properties

377.061 36.9717 8.4682 7.4351 35

53.8582 589.715 13.9302 7.5706 Fig.
71.2629 589.715 8.4682 7.5706 29
85.7198 589.783 36.3032 7.4351 Reversible
125.518 589.783 51.5459 7.4351 tetramerization
180.624 589.783 12.2535 7.4351 and
196.385 589.783 23.0928 7.4351 further
222.974 589.783 42.4003 7.4351 higher-order
268.839 589.783 37.7174 7.4351 association
310.111 589.783 7.0540 7.4351 of
320.656 589.783 10.3989 7.4351 the
334.489 589.783 51.0328 7.4351 polysaccharide

53.8582 599.704 141.681 7.4351 6-deoxy-6-(ω-aminoethyl)aminocellulose
197.405 599.704 20.1797 7.4351 (AEA
219.458 599.704 35.1600 7.4351 cellulose).
256.535 599.721 15.5324 7.4520 Top:
273.883 599.704 33.4155 7.4351 Monomer
309.203 599.704 13.2273 7.4351 unit
324.283 599.704 7.0540 7.4351 of
333.184 599.704 10.7546 7.4351 DP
345.826 599.704 15.1665 7.4351 ~10,
362.834 599.704 22.6440 7.4351 degree

53.8591 36.8589 8.4682 7.4351 36

351.722 36.8589 7.3165 7.4351 T.
361.417 36.8589 24.0497 7.4351 Heinze

53.8582 62.1462 14.9439 10.5683 7.3
80.7871 62.1462 48.5258 10.5683 Reactions
132.718 62.1462 9.9586 10.5683 of
146.041 62.1462 83.0043 10.5683 6-Deoxy-6-Azido
232.499 62.1462 45.9076 10.5683 Cellulose

53.8582 91.5972 5.4994 8.7472 S
59.3575 95.4969 5.3648 5.8308 N
67.6913 91.5972 32.2390 8.7472 reaction
102.897 91.5972 8.3636 8.7472 of
114.179 91.5972 19.3972 8.7472 tosyl
136.516 91.5972 35.6631 8.7472 cellulose
175.124 91.5972 17.7334 8.7472 with
195.816 91.5972 29.3598 8.7472 sodium
228.187 91.5972 21.1406 8.7472 azide
252.282 91.5972 14.4159 8.7472 and
269.687 91.5972 44.2838 8.7472 subsequent
316.968 91.5972 68.5327 8.7472 copper-catalyzed

53.8582 103.559 33.2711 8.7472 Huisgen
91.7291 103.559 32.2390 8.7472 reaction
128.635 103.559 22.8044 8.7472 (click
156.074 103.559 42.8242 8.7472 chemistry)
203.468 103.559 6.6351 8.7472 is
214.693 103.559 29.9675 8.7472 another
249.275 103.559 40.5229 8.7472 promising
294.403 103.559 17.2154 8.7472 path
316.229 103.559 7.7808 8.7472 to
328.644 103.559 16.5877 8.7472 new
349.848 103.559 35.5565 8.7472 cellulose

53.8582 115.521 43.9620 8.7472 derivatives
101.365 115.521 12.7621 8.7472 not
117.693 115.521 40.6195 8.7472 accessible
161.913 115.521 9.9626 8.7472 by
175.462 115.521 51.7408 8.7472 conventional
230.737 115.521 52.8655 8.7472 etheriﬁcation
287.202 115.521 14.4159 8.7472 and
305.230 115.521 54.2573 8.7472 esteriﬁcation.
363.056 115.521 22.4059 8.7472 Thus,

53.8582 127.483 66.9417 8.7472 1,4-disubstituted
124.496 127.483 52.7749 8.7472 1,2,3-triazols
180.961 127.483 28.8318 8.7472 formed
213.501 127.483 8.2889 8.7472 as
225.520 127.483 23.3324 8.7472 linker
252.563 127.483 20.0149 8.7472 yield
276.260 127.483 22.2614 8.7472 novel
302.225 127.483 35.5565 8.7472 cellulose
341.513 127.483 43.9620 8.7472 derivatives

53.8582 139.445 17.7334 8.7472 with
77.7824 139.445 77.1544 8.7472 methylcarboxylate,
161.063 139.445 38.1498 8.7472 2-aniline,
205.340 139.445 50.2723 8.7472 3-thiophene,
261.805 139.445 14.4159 8.7472 and
282.385 139.445 80.2368 8.7472 acetylenecarboxylic
368.727 139.445 16.7730 8.7472 acid

53.8582 151.407 35.6731 8.7472 dimethyl
92.3517 151.407 18.8592 8.7472 ester
114.065 151.407 33.9924 8.7472 moieties
150.859 151.407 30.5772 8.7472 without
184.250 151.407 14.4159 8.7472 any
201.541 151.407 16.0697 8.7472 side
220.476 151.407 34.7296 8.7472 reaction,
258.120 151.407 17.7334 8.7472 with
278.700 151.407 4.4533 8.7472 a
285.956 151.407 43.8663 8.7472 conversion
332.670 151.407 8.2988 8.7472 of
343.781 151.407 9.9626 8.7472 up
356.594 151.407 7.7808 8.7472 to
367.195 151.407 18.2614 8.7472 98%

53.8582 163.369 19.0883 8.7472 (Fig.
75.7979 163.369 13.2951 8.7472 30)
91.8984 163.369 20.7451 8.7472 [185,
115.481 163.369 20.7750 8.7472 186].

65.8193 175.275 15.5516 8.7472 The
86.3991 175.275 61.7751 8.7472 chemoselective
153.239 175.275 48.9273 8.7472 introduction
207.152 175.275 8.2988 8.7472 of
220.475 175.275 36.5886 8.7472 dendrons
262.031 175.275 15.5616 8.7472 into
282.611 175.275 35.5565 8.7472 cellulose
323.259 175.275 6.6351 8.7472 is
334.882 175.275 35.5565 8.7472 achieved
375.530 175.275 9.9626 8.7472 by

53.8572 187.237 55.5385 8.7472 homogeneous
121.660 187.237 32.2390 8.7472 reaction
166.277 187.237 8.2988 8.7472 of
186.856 187.237 66.1447 8.7472 6-deoxy-6-azido
265.262 187.237 35.6631 8.7472 cellulose
313.223 187.237 17.7334 8.7472 with
343.270 187.237 42.1876 8.7472 propargyl-

53.8572 199.199 67.3123 8.7472 polyamidoamine
125.402 199.199 44.1652 8.7472 (PAMAM)
173.761 199.199 36.5886 8.7472 dendrons
214.523 199.199 7.7808 8.7472 in
226.485 199.199 28.6963 8.7472 DMSO
259.366 199.199 14.4159 8.7472 and
277.961 199.199 13.2702 8.7472 ILs
295.423 199.199 8.2988 8.7472 or
307.952 199.199 65.5390 8.7472 heterogeneously
377.683 199.199 7.7808 8.7472 in

53.8572 211.161 37.3169 8.7472 methanol
93.9946 211.161 7.7808 8.7472 in
104.539 211.161 12.2341 8.7472 the
119.619 211.161 34.9289 8.7472 presence
157.433 211.161 8.2988 8.7472 of
168.544 211.161 24.2689 8.7472 CuSO
192.869 215.005 3.7359 5.8308 4

196.611 208.939 1.8679 5.8308 .
198.481 211.162 12.1344 8.7472 5H
210.670 215.005 3.7359 5.8308 2
214.412 211.162 39.3124 8.7472 O/sodium
256.591 211.162 37.8340 8.7472 ascorbate
297.239 211.162 19.0883 8.7472 (Fig.
319.180 211.162 13.2951 8.7472 31)
335.280 211.162 44.0755 8.7472 [187–189].

65.8203 223.124 15.5516 8.7472 The
84.5291 223.124 54.7365 8.7472 HSQC-DEPT
142.411 223.124 22.6789 8.7472 NMR
168.207 223.124 36.6933 8.7472 spectrum
208.061 223.124 8.2988 8.7472 of
219.456 223.124 27.7717 8.7472 second
250.353 223.124 42.2982 8.7472 generation
295.763 223.124 71.4956 8.7472 PAMAM-triazolo
370.426 223.124 15.0236 8.7472 cel-

53.8582 235.086 23.8505 8.7472 lulose
81.1269 235.086 15.9700 8.7472 (DS
100.459 235.086 20.8358 8.7472 0.59)
124.610 235.086 26.1160 8.7472 allows
154.091 235.086 36.7889 8.7472 complete
194.228 235.086 45.0021 8.7472 assignment
242.586 235.086 8.2988 8.7472 of
254.264 235.086 12.2341 8.7472 the
269.855 235.086 27.7558 8.7472 signals
300.979 235.086 8.2988 8.7472 of
312.657 235.086 12.2341 8.7472 the
328.304 235.086 29.8778 8.7472 protons
361.583 235.086 8.2988 8.7472 of
373.261 235.086 12.2341 8.7472 the

53.8582 247.048 43.3343 8.7472 substituent
100.006 247.048 7.7808 8.7472 in
110.607 244.826 3.7359 5.8308 1
114.349 247.049 33.0758 8.7472 H-NMR
150.292 247.049 28.2938 8.7472 spectra
181.473 247.049 19.0883 8.7472 (Fig.
203.414 247.049 15.7857 8.7472 32).

65.8208 259.011 8.2988 8.7472 In
77.1592 259.011 15.7708 8.7472 Fig.
96.0383 259.011 12.4682 8.7472 33,
111.572 259.011 4.4533 8.7472 a
119.055 259.011 46.6409 8.7472 comparison
168.775 259.011 8.2988 8.7472 of
180.170 256.731 7.4718 5.8308 13
187.653 259.011 32.5578 8.7472 C-NMR
223.312 259.011 28.2938 8.7472 spectra
254.776 259.011 8.2988 8.7472 of
266.115 259.011 17.9426 8.7472 ﬁrst,
287.148 259.011 30.2624 8.7472 second,
320.482 259.011 14.4159 8.7472 and
337.944 259.011 18.8791 8.7472 third
359.940 259.011 25.5043 8.7472 gener-

53.8588 270.916 20.0149 8.7472 ation
76.8196 270.916 71.4956 8.7472 PAMAM-triazolo
151.256 270.916 35.6422 8.7472 cellulose
189.863 270.916 46.5552 8.7472 synthesized
239.412 270.916 7.7808 8.7472 in
250.127 270.916 37.7413 8.7472 EMImAc
290.775 270.916 52.7480 8.7472 demonstrates
346.504 270.916 12.2341 8.7472 the
361.698 270.916 23.7508 8.7472 possi-

53.8588 282.878 21.1606 8.7472 bility
77.6126 282.878 7.7808 8.7472 to
87.9309 282.878 24.8866 8.7472 assign
115.426 282.878 12.2341 8.7472 the
130.223 282.878 27.7558 8.7472 signals
160.553 282.878 8.2988 8.7472 of
171.381 282.878 12.2341 8.7472 the
186.178 282.878 36.5886 8.7472 dendrons
225.353 282.878 14.4159 8.7472 and
242.361 282.878 12.2341 8.7472 the
257.157 282.878 23.9501 8.7472 AGU.
283.689 282.878 39.0863 8.7472 However,
325.300 282.878 12.2341 8.7472 the
340.154 282.878 34.5174 8.7472 intensity
377.174 282.878 8.2988 8.7472 of

53.8588 294.840 12.2341 8.7472 the
68.4859 294.840 22.7048 8.7472 peaks
93.5438 294.840 8.2988 8.7472 of
104.201 294.840 12.2341 8.7472 the
118.828 294.840 27.1680 8.7472 carbon
148.365 294.840 23.8505 8.7472 atoms
174.613 294.840 8.2988 8.7472 of
185.271 294.840 12.2341 8.7472 the
199.898 294.840 37.2203 8.7472 repeating
239.526 294.840 15.5616 8.7472 unit
257.441 294.840 38.3221 8.7472 decreases
298.146 294.840 8.2889 8.7472 as
308.804 294.840 4.4533 8.7472 a
315.608 294.840 22.2664 8.7472 result
340.212 294.840 8.2988 8.7472 of
350.814 294.840 12.2341 8.7472 the
365.441 294.840 20.0049 8.7472 large

53.8588 306.802 30.5613 8.7472 number
87.1936 306.802 8.2988 8.7472 of
98.3049 306.802 35.5505 8.7472 branches
136.685 306.802 14.4159 8.7472 and
153.920 306.802 57.1365 8.7472 corresponding
213.900 306.802 27.1680 8.7472 carbon
243.947 306.802 26.3411 8.7472 atoms.

65.8209 318.765 20.5329 8.7472 Even
93.9403 318.765 54.4267 8.7472 water-soluble
155.904 318.765 49.4474 8.7472 deoxy-azido
212.936 318.765 35.5565 8.7472 cellulose
256.079 318.765 43.9620 8.7472 derivatives
307.556 318.765 12.2241 8.7472 are
327.342 318.765 40.6195 8.7472 accessible
375.530 318.765 9.9626 8.7472 by

53.8588 330.727 82.6457 8.7472 carboxymethylation,
140.484 330.727 34.9588 8.7472 applying
179.432 330.727 79.4069 8.7472 2-propanol/aqueous
262.826 330.727 25.9127 8.7472 NaOH
292.759 330.727 8.2889 8.7472 as
305.061 330.727 32.7770 8.7472 medium
341.854 330.727 24.1225 8.7472 [190].
369.920 330.727 15.5516 8.7472 The

53.8588 342.689 60.0456 8.7472 carboxymethyl
117.580 342.689 49.4773 8.7472 deoxy-azido
170.644 342.689 35.6422 8.7472 cellulose
209.931 342.689 34.3311 8.7472 provides
247.972 342.689 4.4533 8.7472 a
256.022 342.689 43.9470 8.7472 convenient
303.645 342.689 29.9675 8.7472 starting
337.320 342.689 32.8567 8.7472 material
373.887 342.689 11.6164 8.7472 for

53.8588 354.651 12.2341 8.7472 the
76.8196 354.651 35.1381 8.7472 selective
122.684 354.651 43.8643 8.7472 conversion
177.278 354.651 9.9626 8.7472 by
197.970 354.651 33.1854 8.7472 Huisgen
241.906 354.651 34.8462 8.7472 reaction,
287.429 354.651 32.8666 8.7472 yielding
331.026 354.651 54.4267 8.7472 water-soluble

53.8588 366.556 60.0456 8.7472 carboxymethyl
117.127 366.556 170.826 8.7472 6-deoxy-(1-N-(1,2,3-triazolo)-4-PAMAM)
291.172 366.556 35.5565 8.7472 cellulose
330.007 366.556 43.9620 8.7472 derivatives
377.175 366.556 8.2988 8.7472 of

53.8588 378.518 15.4520 8.7472 ﬁrst
72.1133 378.518 7.7808 8.7472 to
82.7145 378.518 18.8791 8.7472 third
104.428 378.518 42.2952 8.7472 generation
149.555 378.518 19.0883 8.7472 (Fig.
171.496 378.518 15.7857 8.7472 34).

65.8209 390.480 63.9420 8.7472 Chemoselective
132.944 390.480 36.6036 8.7472 synthesis
172.628 390.480 8.2988 8.7472 of
183.967 390.480 49.4404 8.7472 dendronized
236.577 390.480 35.5565 8.7472 cellulose
275.298 390.480 22.1967 8.7472 could
300.583 390.480 9.4346 8.7472 be
313.112 390.480 4.4533 8.7472 a
320.652 390.480 17.2154 8.7472 path
341.004 390.480 12.7621 8.7472 not
356.878 390.480 17.7434 8.7472 only
377.684 390.480 7.7808 8.7472 to

53.8588 402.442 55.6531 8.7472 regioselective
112.535 402.442 68.0226 8.7472 functionalization
183.514 402.442 8.2988 8.7472 of
194.738 402.442 38.8701 8.7472 propargyl
236.577 402.442 35.6422 8.7472 cellulose
275.184 402.442 7.7808 8.7472 in
285.956 402.442 32.1593 8.7472 position
321.162 402.442 4.9813 8.7472 6
329.099 402.442 21.5750 8.7472 [191]
353.649 402.442 12.7621 8.7472 but
369.410 402.442 16.0697 8.7472 also

53.8588 414.405 7.7808 8.7472 to
66.2742 414.405 67.9160 8.7472 functionalization
138.840 414.405 7.2528 8.7472 at
150.689 414.405 32.2290 8.7472 position
187.539 414.405 4.9813 8.7472 3
197.120 414.405 24.1214 8.7472 [192].
225.808 414.405 11.6164 8.7472 By
242.079 414.405 49.5669 8.7472 nucleophilic
296.276 414.405 52.8825 8.7472 displacement
353.763 414.405 8.2988 8.7472 of
366.688 414.405 18.7785 8.7472 6-O-

53.8598 426.367 55.0523 8.7472 tosylcellulose
112.535 426.367 15.9700 8.7472 (DS
132.094 426.367 20.7521 8.7472 0.58)
156.414 426.367 17.7334 8.7472 with
177.730 426.367 38.8701 8.7472 propargyl
220.136 426.367 26.9588 8.7472 amine,
250.750 426.367 108.318 8.7472 6-deoxy-6-aminopropargyl
362.604 426.367 22.8901 8.7472 cellu-

53.8598 438.329 16.0697 8.7472 lose
73.4184 438.329 6.6351 8.7472 is
83.5663 438.329 28.8318 8.7472 formed
115.881 438.329 14.4159 8.7472 and
133.795 438.329 34.4168 8.7472 provides
171.666 438.329 9.4346 8.7472 an
184.592 438.329 36.2718 8.7472 excellent
224.333 438.329 30.0532 8.7472 starting
257.839 438.329 32.9563 8.7472 material
294.292 438.329 11.6164 8.7472 for
309.372 438.329 34.7296 8.7472 reaction,
347.639 438.329 37.8549 8.7472 including

53.8598 450.291 60.0207 8.7472 dendronization
118.318 450.291 8.2988 8.7472 of
130.961 450.291 35.5565 8.7472 cellulose
170.929 450.291 10.0274 8.7472 by
185.272 450.291 12.2341 8.7472 the
201.883 450.291 33.2711 8.7472 Huisgen
239.470 450.291 32.3426 8.7472 reaction
276.150 450.291 7.7808 8.7472 to
288.282 450.291 20.0149 8.7472 yield
312.717 450.291 72.7718 8.7472 6-deoxy-6-amino-

50.3246 482.551 7.6722 8.4682 ⁄

53.4714 482.551 7.7569 8.4682 ä

53.8582 496.852 13.9302 7.5706 Fig.
70.7531 496.852 8.4682 7.5706 29
83.4520 496.920 39.1400 7.4351 (continued)
125.575 496.920 7.0540 7.4351 of
135.610 496.920 39.5888 7.4351 substitution
178.129 496.920 6.1648 7.4351 at
187.257 496.920 12.6938 7.4351 C-6
202.905 496.920 10.7546 7.4351 DS
213.675 500.206 17.3192 4.9562 Amine
232.440 496.175 6.5205 8.4682 ¼
240.378 496.920 16.9364 7.4351 0.83,
260.277 496.920 12.2535 7.4351 and
275.471 496.920 22.6440 7.4351 degree
301.096 496.920 7.0540 7.4351 of
311.131 496.920 39.5888 7.4351 substitution
353.651 496.920 6.1648 7.4351 at
362.779 496.920 12.6938 7.4351 C-2
378.426 496.920 7.0540 7.4351 of

53.8593 506.898 16.4876 7.4351 tosyl
72.9652 506.898 27.7588 7.4351 residues
103.352 506.898 10.7546 7.4351 DS
114.122 510.184 14.4803 4.9562 Tosyl
130.053 506.153 6.5205 8.4682 ¼
137.990 506.898 12.7023 7.4351 0.2,
153.297 506.898 27.8604 7.4351 yielding
183.798 506.898 19.8325 7.4351 molar
206.248 506.898 16.9195 7.4351 mass
225.807 506.915 7.0540 7.4520 M
234.254 506.898 25.0625 7.4351 ~3,250
261.920 506.898 19.8410 7.4351 g/mol
284.370 506.898 12.2535 7.4351 and
299.280 506.898 47.6844 7.4351 sedimentation
349.623 506.898 35.8628 7.4351 coefﬁcient

53.8583 516.893 3.2603 7.4520 s
58.5074 516.876 16.5943 7.4351 ~0.5
77.3288 516.876 6.7915 7.4351 S.
86.3432 516.893 26.4741 7.4520 Middle:
115.030 516.876 33.8474 7.4351 Assembly
151.086 516.876 13.2273 7.4351 into
166.564 516.876 31.6287 7.4351 tetramers
200.466 516.876 15.0734 7.4351 with
217.757 516.893 7.0540 7.4520 M
226.204 516.876 29.2966 7.4351 ~13,000
257.725 516.876 19.8410 7.4351 g/mol
279.778 516.876 12.2535 7.4351 and
294.235 516.893 3.2603 7.4520 s
298.940 516.876 16.5943 7.4351 ~1.7
317.762 516.876 6.7915 7.4351 S.
326.719 516.893 24.0361 7.4520 Lower:
352.968 516.876 32.5264 7.4351 Sedimen-

53.8575 526.797 19.3922 7.4351 tation
75.4006 526.797 35.8628 7.4351 coefﬁcient
113.498 526.797 39.1485 7.4351 distribution
154.770 526.797 9.8739 7.4351 for
166.846 526.797 17.3598 7.4351 AEA
186.348 526.797 30.2230 7.4351 cellulose
218.776 526.797 6.1648 7.4351 at
227.053 526.797 29.3347 7.4351 different
258.518 526.797 51.9101 7.4351 concentrations:
312.660 526.797 10.5852 7.4351 2.0
325.359 526.797 26.1964 7.4351 (black),
353.705 526.797 10.5852 7.4351 1.0
366.461 526.797 19.0543 7.4351 (red),

53.8583 536.775 14.8193 7.4351 0.75
70.9226 536.775 22.3992 7.4351 (blue),
95.5845 536.775 14.8193 7.4351 0.25
112.648 536.775 27.1042 7.4351 (green),
142.015 536.775 12.2535 7.4351 and
156.529 536.775 19.0534 7.4351 0.125
177.789 536.775 25.0405 7.4351 mg/mL
205.115 536.775 22.3984 7.4351 (pink).
229.776 536.775 20.7047 7.4351 Based
252.737 536.775 8.4682 7.4351 on
263.452 536.775 10.3989 7.4351 the
276.152 536.792 3.2603 7.4520 s
280.801 536.775 21.2306 7.4351 ~M2/3
304.270 536.775 24.0582 7.4351 scaling
330.576 536.775 42.2224 7.4351 relationship,
375.080 536.775 10.3989 7.4351 the

53.8585 546.753 54.1287 7.4351 supermonomers
112.196 546.753 30.6549 7.4351 associate
147.118 546.753 13.2273 7.4351 into
164.523 546.753 44.5089 7.4351 supertrimers,
213.279 546.753 52.9686 7.4351 superhexamers,
270.482 546.753 12.2535 7.4351 and
286.923 546.753 46.8037 7.4351 super-9-mers.
337.947 546.753 19.8241 7.4351 There
361.985 546.753 5.6398 7.4351 is
371.849 546.753 13.6592 7.4351 also

53.8585 556.731 30.2230 7.4351 evidence
86.4569 556.731 9.8739 7.4351 for
98.7027 556.731 17.8933 7.4351 some
118.998 556.731 43.5435 7.4351 superdimers,
164.919 556.731 29.7844 7.4351 although
197.064 556.731 14.6330 7.4351 they
214.071 556.731 16.4706 7.4351 were
232.894 556.731 10.8478 7.4351 not
246.103 556.731 25.0320 7.4351 evident
273.543 556.731 6.1648 7.4351 at
282.103 556.731 10.3989 7.4351 the
294.859 556.731 24.5070 7.4351 highest
321.731 556.731 25.4808 7.4351 loading
349.624 556.731 35.8628 7.4351 concentra-

53.8585 566.653 15.3444 7.4351 tion.
71.3200 566.653 13.2189 7.4351 The
86.6838 566.653 35.8035 7.4351 proportion
124.667 566.653 7.0540 7.4351 of
133.852 566.653 54.1287 7.4351 supermonomers
190.149 566.653 18.7825 7.4351 drops
211.069 566.653 25.5486 7.4351 relative
238.792 566.653 6.6137 7.4351 to
247.579 566.653 10.3989 7.4351 the
260.109 566.653 42.4003 7.4351 higher-order
304.669 566.653 24.4900 7.4351 species
331.315 566.653 30.2230 7.4351 indicates
363.743 566.653 21.7633 7.4351 partial

53.8585 576.631 43.1878 7.4351 reversibility,
99.4395 576.631 16.0388 7.4351 even
117.864 576.631 15.0734 7.4351 with
135.326 576.631 10.3989 7.4351 the
148.138 576.631 42.4003 7.4351 higher-order
192.925 576.631 37.7174 7.4351 association

53.8585 36.9722 34.4571 7.4351 Cellulose:
90.7087 36.9722 31.1122 7.4351 Structure
124.214 36.9722 12.2535 7.4351 and
138.897 36.9722 34.3724 7.4351 Properties

377.064 36.9722 8.4682 7.4351 37

296.373 264.306 4.0871 4.8646 O

311.380 273.405 4.0871 4.8646 O

296.436 278.456 7.7329 4.8646 OH

265.604 273.566 7.7061 4.8646 HO

281.729 251.667 3.7929 4.8646 N
290.202 253.933 3.7929 4.8646 N

294.965 246.576 3.7929 4.8646 N

300.641 220.310 3.5040 4.8646 S

78.6458 137.079 4.0871 4.8646 O

62.6889 158.978 7.6992 4.8646 HO

93.5216 163.868 7.7334 4.8646 OH

108.454 158.806 4.0871 4.8646 O

93.4522 149.717 4.0871 4.8646 O

87.2801 134.807 3.5040 4.8646 S

84.8526 126.345 4.0871 4.8646 O

89.3799 143.246 4.0871 4.8646 O

120.965 125.920 9.7439 4.8646 CH3

191.691 120.858 1.7493 4.8646 -

129.307 147.290 3.7929 4.8646 N
138.073 147.290 3.7929 4.8646 N
146.811 147.290 3.7929 4.8646 N

126.356 144.167 1.7493 4.8646 -

151.309 143.516 1.7493 4.8646 -

138.177 143.183 3.0679 4.8646 +

114.200 146.801 6.2105 4.8646 Na
120.937 145.806 3.0679 4.8646 +

121.425 159.267 16.0110 4.8646 100°C,
138.887 159.267 5.8432 4.8646 24
146.167 159.267 2.9208 4.8646 h

121.425 165.122 10.8334 4.8646 DMF

209.586 109.853 7.4056 4.8646 HC
221.965 109.853 3.7929 4.8646 C
230.703 109.853 17.6187 4.8646 COCH3

230.704 101.092 4.0871 4.8646 O

212.049 115.606 8.3533 4.8646 RT,
221.865 115.606 5.8159 4.8646 24
229.131 115.606 2.9208 4.8646 h

212.049 121.445 14.9987 4.8646 DMSO

272.472 168.025 8.3527 4.8646 RT,
282.287 168.025 5.8154 4.8646 24
289.552 168.025 19.3652 4.8646 h,DMSO

218.946 227.892 8.3522 4.8646 RT,
228.762 227.892 5.8170 4.8646 24
236.027 227.892 2.9208 4.8646 h

218.946 233.731 14.9987 4.8646 DMSO

256.445 168.025 7.4061 4.8646 NH
263.665 170.648 2.1906 3.6484 2

256.279 151.231 3.7929 4.8646 C
265.046 151.231 7.7339 4.8646 CH

225.815 205.504 3.5040 4.8646 S

242.358 221.202 3.7929 4.8646 C
251.125 221.202 7.7329 4.8646 CH

296.373 98.1710 4.0871 4.8646 O

311.380 107.265 4.0871 4.8646 O

296.436 112.320 7.7329 4.8646 OH

265.604 107.426 7.7061 4.8646 HO

281.729 85.5327 3.7929 4.8646 N
290.202 87.7926 3.7929 4.8646 N

294.965 80.4412 3.7929 4.8646 N

291.547 64.9455 11.9618 4.8646 COO

303.363 62.9231 1.3120 3.6484 -
304.679 64.9456 6.5346 4.8646 Na

311.244 62.9231 2.3010 3.6484 +

236.019 131.040 5.7592 4.8646 (ii)
243.286 131.040 2.9208 4.8646 1
247.654 131.040 3.7929 4.8646 N
252.399 131.040 7.2863 4.8646 aq.
261.132 131.040 13.9743 4.8646 NaOH

228.473 182.259 5.7592 4.8646 (ii)
235.733 182.259 7.2774 4.8646 aq.
244.474 182.259 8.0712 4.8646 HCl

194.913 150.051 4.0871 4.8646 O

209.921 159.141 4.0871 4.8646 O

194.975 164.203 7.7386 4.8646 OH

164.149 159.308 7.6940 4.8646 HO

180.266 137.408 3.7929 4.8646 N

186.473 131.207 3.7929 4.8646 N

192.646 124.999 3.7929 4.8646 N

178.887 127.755 3.0679 4.8646 +

204.502 109.037 4.6712 4.8646 (i)

268.531 168.024 1.4604 4.8646 ,

226.827 160.584 4.6712 4.8646 (i)

357.447 174.671 4.0871 4.8646 O

372.449 183.766 4.0871 4.8646 O

357.515 188.822 7.7339 4.8646 OH

326.677 183.933 7.6992 4.8646 HO

342.794 162.028 3.7929 4.8646 N
351.274 164.295 3.7929 4.8646 N

356.031 156.949 3.7929 4.8646 N

367.427 145.386 14.6264 4.8646 NH3Cl

381.871 143.370 1.3120 3.6484 -

367.685 141.544 3.0679 4.8646 +

98.0832 309.965 4.5526 5.4027 O

86.1586 298.443 4.2249 5.4027 N
90.1795 300.581 2.4402 4.0521 3

113.844 317.730 4.5526 5.4027 O

98.1524 325.682 8.6137 5.4027 OH

63.8105 320.251 8.5733 5.4027 HO

236.692 327.101 4.5526 5.4027 O

224.767 315.574 4.2249 5.4027 N

252.453 334.868 4.5526 5.4027 O

236.767 342.812 8.6079 5.4027 OH

202.568 337.566 8.5733 5.4027 HO

233.217 320.430 4.2249 5.4027 N

240.459 313.935 4.2249 5.4027 N

200.999 297.644 8.6137 5.4027 CH
209.409 299.781 2.4402 4.0521 3
211.969 297.644 4.5526 5.4027 O

248.283 293.300 13.0089 5.4027 OCH
261.082 295.438 2.4402 4.0521 3

226.597 289.217 4.5526 5.4027 O
231.941 288.780 4.5526 5.4027 O

358.482 327.470 4.5526 5.4027 O

346.557 315.941 4.2249 5.4027 N

374.243 335.235 4.5526 5.4027 O

358.556 343.180 8.6149 5.4027 OH

324.359 337.933 8.5727 5.4027 HO

355.007 320.792 4.2249 5.4027 N

362.249 314.304 4.2249 5.4027 N

326.440 298.001 11.8684 5.4027 NaO

370.072 293.658 11.6695 5.4027 ONa

348.385 289.573 4.5526 5.4027 O
353.723 289.137 4.5526 5.4027 O

122.220 303.621 8.6137 5.4027 CH
130.630 305.758 2.4402 4.0521 3
133.190 303.621 17.5551 5.4027 COOC

175.615 303.621 21.7800 5.4027 COOCH
197.191 305.758 2.4402 4.0521 3

275.533 307.083 8.1409 5.4027 aq.
285.292 307.083 16.2666 5.4027 NaOH

135.548 325.312 14.9441 5.4027 24-72
152.143 325.312 4.8756 5.4027 h,
158.628 325.312 13.0587 5.4027 70°C

130.705 331.807 24.7550 5.4027 (Dimethyl
157.083 331.807 24.9780 5.4027 sulfoxide)

271.511 324.220 6.5042 5.4027 24
279.627 324.220 4.8774 5.4027 h,
286.116 324.220 14.7264 5.4027 70°C,
302.454 324.220 14.9511 5.4027 argon

53.8582 359.712 13.9302 7.5706 Fig.
72.6237 359.712 8.4682 7.5706 30
87.0798 359.780 30.2230 7.4351 Reaction
122.116 359.780 14.6330 7.4351 path
141.561 359.780 9.8739 7.4351 for
156.245 359.780 31.0275 7.4351 synthesis
192.132 359.780 7.0540 7.4351 of
203.980 359.780 56.0680 7.4351 6-deoxy-6-azido
264.925 359.780 30.2230 7.4351 cellulose
300.018 359.780 12.2535 7.4351 and
317.082 359.780 37.6411 7.4351 subsequent
359.545 359.780 25.9127 7.4351 copper-

53.8582 369.758 32.1538 7.4351 catalyzed
88.7243 369.758 28.2076 7.4351 Huisgen
119.622 369.758 27.4031 7.4351 reaction
149.725 369.758 7.0540 7.4351 of
159.477 369.758 56.7793 7.4351 1,4-disubstituted
218.948 369.758 44.7798 7.4351 1,2,3-triazols
266.457 369.758 15.5137 7.4351 used
284.655 369.758 7.0455 7.4351 as
294.406 369.758 19.8325 7.4351 linker
316.913 369.758 9.8739 7.4351 for
329.443 369.758 10.3989 7.4351 the
342.539 369.758 42.9338 7.4351 modiﬁcation

53.8582 379.736 7.0540 7.4351 of
62.5889 379.736 30.2230 7.4351 cellulose
94.5640 379.736 15.0734 7.4351 with
111.345 379.736 65.3999 7.4351 methylcarboxylate,
178.527 379.736 32.3485 7.4351 2-aniline,
212.599 379.736 40.5542 7.4351 3-thiophene
254.892 379.736 30.9343 7.4351 moieties,
287.547 379.736 12.2535 7.4351 and
301.493 379.736 68.0250 7.4351 acetylenecarboxylic
371.282 379.736 14.1842 7.4351 acid

53.8582 389.714 30.2399 7.4351 dimethyl
86.5133 389.714 16.0303 7.4351 ester

288.045 445.764 3.7119 4.7642 N

274.391 418.274 13.3879 4.7642 OCH3

301.349 418.274 13.3879 4.7642 OCH3

266.998 431.140 3.9999 4.7642 O

308.770 431.140 3.9999 4.7642 O

267.477 475.190 32.3781 4.7642 CuSO4.5H2O,

267.477 481.879 16.4092 4.7642 sodium
284.939 481.879 22.4511 4.7642 ascorbate

272.620 493.521 20.2867 4.7642 25-70°C,
294.326 493.521 10.3611 4.7642 4-72
306.111 493.521 2.8585 4.7642 h

258.163 505.734 17.8245 4.7642 (DMSO,
277.395 505.734 20.7329 4.7642 methanol
299.500 505.734 4.5597 4.7642 or
305.530 505.734 19.5350 4.7642 EMImAc)

126.093 481.302 4.5716 4.7642 (i)
132.142 481.302 14.6128 4.7642 TosCl,
148.170 481.302 11.0423 4.7642 TEA,
160.628 481.302 20.7633 4.7642 DMA/LiCl

126.093 492.748 5.6363 4.7642 (ii)
133.225 492.748 9.7544 4.7642 NaN
143.544 494.627 3.5854 3.5732 3,
148.562 492.749 10.6017 4.7642 DMF

78.1236 466.956 7.5694 4.7642 OH

62.5072 488.406 7.5293 4.7642 HO

92.6784 493.205 7.5694 4.7642 OH

107.301 488.251 3.9999 4.7642 O

92.6151 479.342 3.9999 4.7642 O

217.419 466.955 5.6789 4.7642 N3

201.641 488.406 7.5349 4.7642 HO

231.812 493.205 7.5689 4.7642 OH

246.430 488.251 3.9999 4.7642 O

231.749 479.342 3.9999 4.7642 O

356.834 489.341 3.7119 4.7642 N

354.205 497.505 3.7119 4.7642 N

359.954 509.886 3.9999 4.7642 O

374.640 518.797 3.9999 4.7642 O

360.022 523.750 7.5648 4.7642 OH

329.846 518.957 7.5349 4.7642 HO

345.624 497.505 3.7119 4.7642 N

370.465 453.318 3.9999 4.7642 O

328.687 453.318 3.9999 4.7642 O

363.073 440.459 13.3944 4.7642 OCH3

336.081 440.459 13.3888 4.7642 OCH3

349.736 467.959 3.7119 4.7642 N

53.8582 539.599 13.9302 7.5706 Fig.
71.9996 539.599 8.4682 7.5706 31
86.4565 539.666 30.2230 7.4351 Reaction
120.925 539.666 14.6330 7.4351 path
139.804 539.666 9.8739 7.4351 for
153.864 539.666 37.2008 7.4351 conversion
195.306 539.666 7.0540 7.4351 of
206.589 539.666 30.2230 7.4351 cellulose
241.057 539.666 15.0734 7.4351 with
260.333 539.666 13.1342 7.4351 ﬁrst
277.681 539.666 35.8713 7.4351 generation
317.819 539.666 67.6186 7.4351 propargyl-PAMAM

53.8582 549.644 27.7757 7.4351 dendron
84.0185 549.644 10.3989 7.4351 via
96.7742 549.644 35.6172 7.4351 tosylation,
134.815 549.644 42.0446 7.4351 nucleophilic
179.262 549.644 44.8561 7.4351 displacement
226.544 549.644 8.4682 7.4351 by
237.372 549.644 20.0866 7.4351 azide,
259.879 549.644 12.2535 7.4351 and
274.506 549.644 37.2008 7.4351 conversion
314.135 549.644 15.0734 7.4351 with
331.596 549.644 10.3989 7.4351 the
344.352 549.644 27.7757 7.4351 dendron

53.8582 36.8589 8.4682 7.4351 38

351.722 36.8589 7.3165 7.4351 T.
361.416 36.8589 24.0497 7.4351 Heinze

53.8582 456.926 187.359 8.7472 (4-methyl-(1,2,3-triazolo)-1-propyl-polyamido
253.470 456.926 27.7857 8.7472 amine)
293.609 456.926 35.5565 8.7472 cellulose
341.514 456.926 43.9480 8.7472 derivatives

53.8582 468.831 19.0883 8.7472 (Fig.
75.7978 468.831 15.7857 8.7472 35).

65.8193 480.793 84.8256 8.7472 3-Mono-O-propargyl
156.980 480.793 35.5565 8.7472 cellulose
198.932 480.793 13.8879 8.7472 can
219.171 480.793 9.4346 8.7472 be
234.989 480.793 37.1306 8.7472 produced
278.528 480.793 9.9626 8.7472 by
294.799 480.793 32.2390 8.7472 reaction
333.463 480.793 8.2988 8.7472 of
348.090 480.793 37.3916 8.7472 2,6-di-O-

53.8572 492.755 77.8926 8.7472 thexyldimethylsilyl
135.720 492.755 35.6422 8.7472 cellulose
175.291 492.755 17.7334 8.7472 with
197.004 492.755 38.7944 8.7472 propargyl
239.750 492.755 33.3807 8.7472 bromide
277.054 492.755 7.7808 8.7472 in
288.733 492.755 12.2341 8.7472 the
304.947 492.755 34.9289 8.7472 presence
343.838 492.755 8.2988 8.7472 of
356.084 492.755 29.3598 8.7472 sodium

53.8572 504.717 32.9862 8.7472 hydride,
92.2949 504.717 35.5695 8.7472 followed
133.226 504.717 10.0274 8.7472 by
148.647 504.717 44.2838 8.7472 subsequent
198.422 504.717 37.9406 8.7472 treatment
241.734 504.717 17.7334 8.7472 with
264.921 504.717 84.0804 8.7472 tetrabutylammonium
354.382 504.717 31.0773 8.7472 ﬂuoride

53.8572 516.679 38.9747 8.7472 trihydrate
96.3198 516.679 11.6164 8.7472 for
111.400 516.679 36.7779 8.7472 complete
151.707 516.679 32.7670 8.7472 removal
187.990 516.679 8.2988 8.7472 of
199.782 516.679 12.2341 8.7472 the
215.543 516.679 72.2986 8.7472 silicon-containing
291.340 516.679 33.9924 8.7472 moieties
328.815 516.679 8.2988 8.7472 of
340.606 516.679 44.8855 8.7472 3-mono-O-

53.8572 528.642 157.585 8.7472 propargyl-2,6-di-O-thexyldimethylsilyl
215.827 528.642 38.1498 8.7472 cellulose.
258.289 528.642 52.8805 8.7472 Cu-catalyzed
315.548 528.642 33.2711 8.7472 Huisgen
353.136 528.642 32.3426 8.7472 reaction

53.8572 540.604 17.7334 8.7472 with
74.9470 540.604 121.833 8.7472 azido-propyl-polyamidoamine
200.123 540.604 8.2988 8.7472 of
211.745 540.604 15.4520 8.7472 ﬁrst
230.566 540.604 14.4159 8.7472 and
248.311 540.604 27.7717 8.7472 second
279.378 540.604 42.2952 8.7472 generation
325.016 540.604 36.5886 8.7472 dendrons
364.927 540.604 20.5230 8.7472 leads

53.8572 552.566 7.7808 8.7472 to
69.6748 552.566 35.5565 8.7472 cellulose
113.328 552.566 63.5405 8.7472 regioselectively
184.930 552.566 57.3358 8.7472 functionalized
250.296 552.566 17.7334 8.7472 with
276.091 552.566 109.396 8.7472 3-O-(4-methyl-1-N-propyl-

53.8572 564.471 134.067 8.7472 polyamidoamine-(1,2,3-triazole))
190.769 564.471 27.4659 8.7472 ([192],
221.044 564.471 15.7708 8.7472 Fig.
239.639 564.471 15.7857 8.7472 36).

309.599 391.711 9.2617 6.7035 1.7

294.467 391.711 9.2250 6.7035 2.0

278.864 391.711 9.2617 6.7035 2.2

263.693 391.711 9.2617 6.7035 2.5

248.560 391.711 9.2265 6.7035 2.7

233.391 391.711 9.2610 6.7035 3.0

218.259 391.711 9.2250 6.7035 3.2

202.656 391.711 9.2617 6.7035 3.5

187.485 391.711 9.2617 6.7035 3.7

172.196 391.711 9.2617 6.7035 4.0

157.064 391.711 9.2324 6.7035 4.2

340.373 240.313 7.3184 6.7035 20

340.373 262.071 7.3184 6.7035 30

340.373 283.201 7.3184 6.7035 40

340.373 304.957 7.3184 6.7035 50

340.373 326.675 7.3184 6.7035 60

340.373 347.962 7.3184 6.7035 70

340.373 369.719 7.3184 6.7035 80

309.599 391.711 9.2617 6.7035 1.7

294.467 391.711 9.2250 6.7035 2.0

278.864 391.711 9.2617 6.7035 2.2

263.693 391.711 9.2617 6.7035 2.5

248.560 391.711 9.2265 6.7035 2.7

233.391 391.711 9.2610 6.7035 3.0

218.259 391.711 9.2250 6.7035 3.2

202.656 391.711 9.2617 6.7035 3.5

187.485 391.711 9.2617 6.7035 3.7

172.196 391.711 9.2617 6.7035 4.0

157.064 391.711 9.2324 6.7035 4.2

340.373 240.313 7.3184 6.7035 20

340.373 262.071 7.3184 6.7035 30

340.373 283.201 7.3184 6.7035 40

340.373 304.957 7.3184 6.7035 50

340.373 326.675 7.3184 6.7035 60

340.373 347.962 7.3184 6.7035 70

340.373 369.719 7.3184 6.7035 80

190.503 193.900 15.1493 6.7010 H-18

207.557 186.844 17.0100 6.7010 H-13,
226.525 186.844 15.7651 6.7010 AGU

228.452 218.831 11.4674 6.7010 H-9

236.999 211.187 16.9668 6.7010 H-10,
255.960 211.187 7.3323 6.7010 15

259.657 197.976 15.1126 6.7010 H-14

270.085 211.775 16.9778 6.7010 H-11,
289.064 211.775 7.3360 6.7010 16

132.989 351.291 6.7010 17.1413 C-2-5

136.203 328.072 6.7010 10.9981 C-6

139.778 321.071 4.4227 6.9824 OH

108.565 313.253 6.7010 14.6845 C-14

94.7280 313.405 6.7010 14.6478 C-18

84.1437 295.944 6.7010 23.9164 C-10,15

136.361 292.399 6.7010 10.9974 C-9

159.921 305.176 6.7010 10.9996 C-6

163.457 289.075 4.4227 16.0856 Triazole

83.4382 271.705 6.7010 14.6779 C-13

97.3932 251.751 6.7010 14.6779 C-16

160.038 265.236 6.7010 14.6786 C-11

309.599 391.713 9.2679 6.7010 1.7

294.467 391.713 9.2232 6.7010 2.0

278.864 391.713 9.2679 6.7010 2.2

263.693 391.713 9.2679 6.7010 2.5

248.560 391.713 9.2246 6.7010 2.7

233.391 391.713 9.2664 6.7010 3.0

218.259 391.713 9.2232 6.7010 3.2

202.656 391.713 9.2679 6.7010 3.5

187.485 391.713 9.2664 6.7010 3.7

172.196 391.713 9.2671 6.7010 4.0

157.064 391.713 9.2371 6.7010 4.2

340.373 240.315 7.3169 6.7010 20

340.373 262.072 7.3169 6.7010 30

340.373 283.202 7.3169 6.7010 40

340.373 304.959 7.3169 6.7010 50

340.373 326.677 7.3169 6.7010 60

340.373 347.964 7.3169 6.7010 70

340.373 369.721 7.3169 6.7010 80

309.599 391.713 9.2679 6.7010 1.7

294.467 391.713 9.2232 6.7010 2.0

278.864 391.713 9.2679 6.7010 2.2

263.693 391.713 9.2679 6.7010 2.5

248.560 391.713 9.2246 6.7010 2.7

233.391 391.713 9.2664 6.7010 3.0

218.259 391.713 9.2232 6.7010 3.2

202.656 391.713 9.2679 6.7010 3.5

187.485 391.713 9.2664 6.7010 3.7

172.196 391.713 9.2671 6.7010 4.0

157.064 391.713 9.2371 6.7010 4.2

340.373 240.315 7.3169 6.7010 20

340.373 262.072 7.3169 6.7010 30

340.373 283.202 7.3169 6.7010 40

340.373 304.959 7.3169 6.7010 50

340.373 326.677 7.3169 6.7010 60

340.373 347.964 7.3169 6.7010 70

340.373 369.721 7.3169 6.7010 80

190.503 193.900 15.1493 6.7010 H-18

207.557 186.844 17.0100 6.7010 H-13,
226.525 186.844 15.7651 6.7010 AGU

228.452 218.831 11.4674 6.7010 H-9

236.999 211.187 16.9668 6.7010 H-10,
255.960 211.187 7.3323 6.7010 15

259.657 197.976 15.1126 6.7010 H-14

270.085 211.775 16.9778 6.7010 H-11,
289.064 211.775 7.3360 6.7010 16

132.989 351.291 6.7010 17.1413 C-2-5

136.203 328.072 6.7010 10.9981 C-6

139.778 321.071 4.4227 6.9824 OH

108.565 313.253 6.7010 14.6845 C-14

94.7280 313.405 6.7010 14.6478 C-18

84.1437 295.944 6.7010 23.9164 C-10,15

136.361 292.399 6.7010 10.9974 C-9

159.921 305.176 6.7010 10.9996 C-6

163.457 289.075 4.4227 16.0856 Triazole

83.4382 271.705 6.7010 14.6779 C-13

97.3932 251.751 6.7010 14.6779 C-16

160.038 265.236 6.7010 14.6786 C-11

212.692 149.748 4.9688 6.2833 N
221.275 149.748 4.9688 6.2833 N

223.825 141.555 4.9688 6.2833 N

222.531 157.903 4.9688 6.2833 O

235.430 163.509 4.9688 6.2833 O

224.257 172.957 9.6768 6.2833 OH

193.365 168.252 9.7119 6.2833 HO

219.983 122.659 4.9688 6.2833 N

231.979 105.018 9.6768 6.2833 HN

203.245 105.018 10.0966 6.2833 NH

200.657 119.209 4.9688 6.2833 O

240.564 117.485 4.9688 6.2833 O

187.368 91.6899 4.9688 6.2833 N

251.308 89.1023 4.9688 6.2833 N

201.951 74.4801 4.9688 6.2833 O

272.751 81.7716 4.9688 6.2833 O

232.843 74.9109 4.9688 6.2833 O

167.217 84.7900 4.9688 6.2833 O

157.338 71.0302 4.9688 6.2833 H
162.043 73.8964 2.5807 4.7124 3
164.630 71.0307 9.6692 6.2833 CO

180.506 64.9938 4.9688 6.2833 H
185.642 67.4278 2.5807 4.7124 3
188.230 64.9937 9.2418 6.2833 CO

241.855 64.9937 14.4192 6.2833 OCH
256.010 67.8589 2.5807 4.7124 3
268.868 68.8745 14.4116 6.2833 OCH
283.019 71.7403 2.5807 4.7124 3

229.822 162.639 2.7957 5.1050 1

219.551 170.401 2.7957 5.1050 2

208.811 173.812 2.7957 5.1050 3

201.951 156.210 2.7957 5.1050 4

214.378 158.758 2.7957 5.1050 5

206.224 152.760 2.7957 5.1050 6

208.811 142.019 2.7957 5.1050 7

222.531 135.550 2.7957 5.1050 8

217.827 130.806 2.7957 5.1050 9

231.548 122.653 5.8084 5.1050 10

223.394 111.049 5.8096 5.1050 11

240.996 110.617 5.8096 5.1050 12

246.993 101.131 5.8096 5.1050 13

240.134 92.5460 5.8084 5.1050 14

253.423 83.4905 5.8084 5.1050 15
263.733 81.7656 5.8096 5.1050 16

262.870 74.4748 5.8096 5.1050 17

273.611 63.3024 5.7710 5.1050 18

152.987 400.431 12.5792 6.4652 ppm

342.802 382.868 12.6458 6.4652 ppm

53.8582 417.822 13.9302 7.5706 Fig.
73.9278 417.822 8.4682 7.5706 32
88.3839 417.890 46.4481 7.4351 HSQC-DEPT
140.995 417.890 19.2143 7.4351 NMR
166.337 417.890 31.1122 7.4351 spectrum
203.584 417.890 7.0540 7.4351 of
216.737 417.890 23.5331 7.4351 second
246.387 417.890 35.8713 7.4351 generation
288.454 417.890 60.6408 7.4351 PAMAM-triazolo
355.238 417.890 30.2230 7.4351 cellulose

53.8582 427.811 13.5745 7.4351 (DS
69.7886 427.811 19.7563 7.4351 0.59).
91.9558 427.828 17.3598 7.4520 AGU
111.685 427.811 53.6884 7.4351 anhydroglucose
167.811 427.811 15.3444 7.4351 unit.
185.499 427.811 28.7326 7.4351 Adapted
216.681 427.811 16.4876 7.4351 from
235.503 427.811 18.3514 7.4351 [187]

53.8574 36.9722 34.4571 7.4351 Cellulose:
90.7076 36.9722 31.1122 7.4351 Structure
124.212 36.9722 12.2535 7.4351 and
138.896 36.9722 34.3724 7.4351 Properties

377.063 36.9722 8.4682 7.4351 39

91.5418 121.793 5.7414 6.8336 O

54.0283 132.672 10.9972 6.8336 HO

93.4168 140.335 11.0164 6.8336 OH

109.493 132.512 5.7414 6.8336 O

75.6786 112.736 5.3281 6.8336 N
86.1288 114.345 5.3281 6.8336 N

91.0053 105.020 5.3281 6.8336 N

84.7889 87.3352 5.3281 6.8336 R

100.490 131.333 4.1031 6.8336 1

84.7887 135.941 4.1031 6.8336 2

69.9444 139.317 4.1031 6.8336 3

62.2814 118.631 4.1031 6.8336 4

77.9293 122.704 4.1031 6.8336 5

67.5328 116.220 4.1031 6.8336 6

72.5163 100.679 4.1031 6.8336 7

81.1439 95.1592 4.1031 6.8336 8

158.689 126.821 5.3924 6.9160 N

139.986 95.1499 16.4984 6.9160 OCH
156.331 98.1579 3.0649 5.1046 3

130.930 111.012 5.8106 6.9160 O

176.696 95.0957 16.5491 6.9160 OCH
193.094 98.1579 3.0649 5.1046 3

185.860 111.012 5.8106 6.9160 O

161.958 135.941 4.1031 6.8336 9

170.586 119.328 8.1782 6.8336 10

161.798 108.234 8.1767 6.8336 11

169.514 101.268 8.1782 6.8336 12

180.822 86.7989 9.7884 6.8336 13‘

290.630 148.257 5.3924 6.9160 N

272.194 116.531 10.7564 6.9160 NH

262.762 132.341 5.8106 6.9160 O

303.706 116.425 10.7034 6.9160 HN

317.906 132.341 5.8106 6.9160 O

253.920 95.2568 5.3924 6.9160 N

327.339 95.2568 5.3924 6.9160 N

235.110 63.5309 5.8106 6.9160 O

253.545 63.5309 16.4984 6.9160 OCH
269.997 66.5398 3.0649 5.1046 3

225.999 111.172 5.8106 6.9160 O

203.116 95.2568 5.3924 6.9160 H
208.475 98.2654 3.0649 5.1046 3
211.476 95.2568 11.1747 6.9160 CO

326.964 63.4239 5.8106 6.9160 O

345.398 63.4239 16.4991 6.9160 OCH
361.850 66.4325 3.0649 5.1046 3

354.723 111.065 5.8106 6.9160 O

363.780 95.1499 16.5491 6.9160 OCH
380.232 98.1579 3.0649 5.1046 3

366.887 86.9602 9.8320 6.8336 18‘

293.631 158.074 4.1031 6.8336 9

301.990 141.730 8.1782 6.8336 10

293.738 131.226 8.1782 6.8336 11

301.455 123.134 8.2217 6.8336 12

320.587 110.005 8.1782 6.8336 13

311.423 98.1619 8.1782 6.8336 14

334.734 102.985 8.1782 6.8336 15

343.363 90.1771 8.1782 6.8336 16
352.848 94.3569 8.2217 6.8336 17

215.495 316.477 5.3924 6.9160 N

187.574 300.453 5.8106 6.9160 O

197.060 284.538 10.7557 6.9160 NH

242.773 300.453 5.8106 6.9160 O

228.571 284.483 10.7041 6.9160 HN

178.571 263.208 5.3924 6.9160 N

252.312 263.208 5.3924 6.9160 N

150.651 279.231 5.8106 6.9160 O

136.503 263.208 10.7564 6.9160 HN

197.060 231.322 10.7564 6.9160 NH

206.224 204.688 5.3924 6.9160 N

187.574 172.801 16.4984 6.9160 OCH
204.027 175.810 3.0649 5.1046 3

224.391 172.801 16.3863 6.9160 OCH
240.736 175.810 3.0649 5.1046 3

178.303 231.322 5.8106 6.9160 O

178.303 188.718 5.8106 6.9160 O

233.555 188.718 5.8106 6.9160 O

132.698 236.520 5.3924 6.9160 N

150.651 204.634 16.5506 6.9160 OCH
167.103 207.696 3.0649 5.1046 3

159.922 220.604 5.8106 6.9160 O

113.942 204.634 16.4984 6.9160 OCH
130.394 207.696 3.0649 5.1046 3

104.778 220.604 5.8106 6.9160 O

270.694 231.215 10.7564 6.9160 NH

252.045 231.215 5.8106 6.9160 O

279.965 204.634 5.3924 6.9160 N

261.209 172.801 16.4984 6.9160 OCH
277.661 175.810 3.0649 5.1046 3

252.045 188.718 5.8106 6.9160 O

298.079 172.801 16.4386 6.9160 OCH
314.422 175.810 3.0649 5.1046 3

307.135 188.718 5.8106 6.9160 O

279.590 279.231 5.8106 6.9160 O

289.129 257.098 5.3924 6.9160 H

289.129 263.208 5.3924 6.9160 N

307.403 252.651 5.3924 6.9160 N

288.861 220.604 16.4984 6.9160 OCH
305.313 223.612 3.0649 5.1046 3

279.590 236.520 5.8106 6.9160 O

325.569 220.604 16.4984 6.9160 OCH
342.021 223.612 3.0649 5.1046 3

334.787 236.520 5.8106 6.9160 O

218.496 326.134 4.1031 6.8336 9

227.393 310.432 8.1767 6.8336 10

218.872 298.749 8.1782 6.8336 11

227.232 291.300 8.1767 6.8336 12

245.721 278.117 8.1789 6.8336 13

236.288 266.648 8.1782 6.8336 14

296.684 270.775 8.1782 6.8336 18

310.243 261.878 8.2217 6.8336 19

320.210 245.855 8.2217 6.8336 20

318.872 226.991 8.2217 6.8336 22

330.019 212.576 9.7884 6.8336 23‘

259.762 271.525 8.1789 6.8336 15

268.658 257.967 8.1782 6.8336 16
278.358 262.414 8.1782 6.8336 17

310.727 235.030 8.1782 6.8336 21

328.034 511.092 8.4865 7.7354 50

219.193 511.092 12.6721 7.7354 100

112.602 511.092 12.6721 7.7354 150

274.714 511.466 8.1782 7.3797 75

165.764 511.466 12.2968 7.3797 125

59.0676 511.466 12.2968 7.3797 175

351.722 511.717 14.2450 6.8336 ppm

88.5960 448.659 5.3281 7.3797 A

88.1672 397.534 5.3281 7.3797 B

88.4351 309.967 5.3281 7.3797 C

214.853 349.339 4.1031 6.8336 1

269.569 341.515 10.6341 6.8336 2-5

302.151 348.214 4.1031 6.8336 6
306.278 352.001 7.7404 4.7752 OH

168.979 349.820 4.1031 6.8336 7

131.090 349.713 4.1031 6.8336 8

54.8327 310.218 28.6524 6.8336 12,17,22

318.441 297.677 28.6310 6.8336 10,15,20
356.758 299.983 28.6236 6.8336 11,16,21

350.274 288.621 18.4138 6.8336 13,18

305.366 317.721 18.4079 6.8336 14,19

322.031 307.486 9.7870 6.8336 23‘

336.072 461.557 4.1031 6.8336 9

331.677 443.871 8.2217 6.8336 10

364.421 443.978 8.1789 6.8336 11

65.7650 448.855 8.1774 6.8336 12

320.693 443.871 9.7870 6.8336 13‘

60.5143 397.731 18.4138 6.8336 12,17

355.687 388.943 8.2225 6.8336 13

316.031 400.678 8.2217 6.8336 14

323.050 367.667 18.4581 6.8336 10,15

359.278 368.577 18.4138 6.8336 11,16

320.854 385.459 9.8298 6.8336 18‘

335.055 410.700 4.1031 6.8336 9

336.394 347.142 4.1031 6.8336 9

118.284 94.2516 7.4033 6.8336 R:

332.857 141.856 5.3281 7.3797 B

177.769 141.856 5.3281 7.3797 A

253.385 316.291 5.3281 7.3797 C

91.5430 121.796 5.7414 6.8336 O

54.0283 132.672 10.9972 6.8336 HO

93.4168 140.335 11.0164 6.8336 OH

109.493 132.512 5.7414 6.8336 O

75.6786 112.736 5.3281 6.8336 N
86.1288 114.345 5.3281 6.8336 N

91.0053 105.020 5.3281 6.8336 N

84.7889 87.3352 5.3281 6.8336 R

100.490 131.333 4.1031 6.8336 1

84.7887 135.941 4.1031 6.8336 2

69.9444 139.317 4.1031 6.8336 3

62.2814 118.631 4.1031 6.8336 4

77.9293 122.704 4.1031 6.8336 5

67.5328 116.220 4.1031 6.8336 6

72.5163 100.679 4.1031 6.8336 7

81.1439 95.1592 4.1031 6.8336 8

91.5404 121.793 5.7414 6.8336 O

54.0283 132.672 10.9972 6.8336 HO

93.4168 140.335 11.0164 6.8336 OH

109.493 132.512 5.7414 6.8336 O

75.6786 112.736 5.3281 6.8336 N
86.1288 114.345 5.3281 6.8336 N

91.0053 105.020 5.3281 6.8336 N

84.7889 87.3352 5.3281 6.8336 R

100.490 131.333 4.1031 6.8336 1

84.7887 135.941 4.1031 6.8336 2

69.9444 139.317 4.1031 6.8336 3

62.2814 118.631 4.1031 6.8336 4

77.9293 122.704 4.1031 6.8336 5

67.5328 116.220 4.1031 6.8336 6

72.5163 100.679 4.1031 6.8336 7

81.1439 95.1592 4.1031 6.8336 8

158.689 126.821 5.3924 6.9160 N

139.986 95.1499 16.4984 6.9160 OCH
156.331 98.1579 3.0649 5.1046 3

130.930 111.012 5.8106 6.9160 O

176.696 95.0957 16.5491 6.9160 OCH
193.094 98.1579 3.0649 5.1046 3

185.860 111.012 5.8106 6.9160 O

161.958 135.941 4.1031 6.8336 9

170.586 119.328 8.1782 6.8336 10

161.798 108.234 8.1767 6.8336 11

169.514 101.268 8.1782 6.8336 12

180.822 86.7989 9.7884 6.8336 13‘

158.689 126.821 5.3924 6.9160 N

139.986 95.1499 16.4984 6.9160 OCH
156.331 98.1579 3.0649 5.1046 3

130.930 111.012 5.8106 6.9160 O

176.696 95.0957 16.5491 6.9160 OCH
193.094 98.1579 3.0649 5.1046 3

185.860 111.012 5.8106 6.9160 O

161.958 135.941 4.1031 6.8336 9

170.586 119.328 8.1782 6.8336 10

161.798 108.234 8.1767 6.8336 11

169.514 101.268 8.1782 6.8336 12

180.822 86.7989 9.7884 6.8336 13‘

290.630 148.257 5.3924 6.9160 N

272.194 116.531 10.7564 6.9160 NH

262.762 132.341 5.8106 6.9160 O

303.706 116.425 10.7034 6.9160 HN

317.906 132.341 5.8106 6.9160 O

253.920 95.2568 5.3924 6.9160 N

327.339 95.2568 5.3924 6.9160 N

235.110 63.5309 5.8106 6.9160 O

253.545 63.5309 16.4984 6.9160 OCH
269.997 66.5398 3.0649 5.1046 3

225.999 111.172 5.8106 6.9160 O

203.116 95.2568 5.3924 6.9160 H
208.475 98.2654 3.0649 5.1046 3
211.476 95.2568 11.1747 6.9160 CO

326.964 63.4239 5.8106 6.9160 O

345.398 63.4239 16.4991 6.9160 OCH
361.850 66.4325 3.0649 5.1046 3

354.723 111.065 5.8106 6.9160 O

363.780 95.1499 16.5491 6.9160 OCH
380.232 98.1579 3.0649 5.1046 3

366.887 86.9602 9.8320 6.8336 18‘

293.631 158.074 4.1031 6.8336 9

301.990 141.730 8.1782 6.8336 10

293.738 131.226 8.1782 6.8336 11

301.455 123.134 8.2217 6.8336 12

320.587 110.005 8.1782 6.8336 13

311.423 98.1619 8.1782 6.8336 14

334.734 102.985 8.1782 6.8336 15

343.363 90.1771 8.1782 6.8336 16
352.848 94.3569 8.2217 6.8336 17

290.630 148.257 5.3924 6.9160 N

272.194 116.531 10.7564 6.9160 NH

262.762 132.341 5.8106 6.9160 O

303.706 116.425 10.7034 6.9160 HN

317.906 132.341 5.8106 6.9160 O

253.920 95.2568 5.3924 6.9160 N

327.339 95.2568 5.3924 6.9160 N

235.110 63.5309 5.8106 6.9160 O

253.545 63.5309 16.4984 6.9160 OCH
269.997 66.5398 3.0649 5.1046 3

225.999 111.172 5.8106 6.9160 O

203.116 95.2568 5.3924 6.9160 H
208.475 98.2654 3.0649 5.1046 3
211.476 95.2568 11.1747 6.9160 CO

326.964 63.4239 5.8106 6.9160 O

345.398 63.4239 16.4991 6.9160 OCH
361.850 66.4325 3.0649 5.1046 3

354.723 111.065 5.8106 6.9160 O

363.780 95.1499 16.5491 6.9160 OCH
380.232 98.1579 3.0649 5.1046 3

366.887 86.9602 9.8320 6.8336 18‘

293.631 158.074 4.1031 6.8336 9

301.990 141.730 8.1782 6.8336 10

293.738 131.226 8.1782 6.8336 11

301.455 123.134 8.2217 6.8336 12

320.587 110.005 8.1782 6.8336 13

311.423 98.1619 8.1782 6.8336 14

334.734 102.985 8.1782 6.8336 15

343.363 90.1771 8.1782 6.8336 16
352.848 94.3569 8.2217 6.8336 17

215.495 316.477 5.3924 6.9160 N

187.574 300.453 5.8106 6.9160 O

197.060 284.538 10.7557 6.9160 NH

242.773 300.453 5.8106 6.9160 O

228.571 284.483 10.7041 6.9160 HN

178.571 263.208 5.3924 6.9160 N

252.312 263.208 5.3924 6.9160 N

150.651 279.231 5.8106 6.9160 O

136.503 263.208 10.7564 6.9160 HN

197.060 231.322 10.7564 6.9160 NH

206.224 204.688 5.3924 6.9160 N

187.574 172.801 16.4984 6.9160 OCH
204.027 175.810 3.0649 5.1046 3

224.391 172.801 16.3863 6.9160 OCH
240.736 175.810 3.0649 5.1046 3

178.303 231.322 5.8106 6.9160 O

178.303 188.718 5.8106 6.9160 O

233.555 188.718 5.8106 6.9160 O

132.698 236.520 5.3924 6.9160 N

150.651 204.634 16.5506 6.9160 OCH
167.103 207.696 3.0649 5.1046 3

159.922 220.604 5.8106 6.9160 O

113.942 204.634 16.4984 6.9160 OCH
130.394 207.696 3.0649 5.1046 3

104.778 220.604 5.8106 6.9160 O

270.694 231.215 10.7564 6.9160 NH

252.045 231.215 5.8106 6.9160 O

279.965 204.634 5.3924 6.9160 N

261.209 172.801 16.4984 6.9160 OCH
277.661 175.810 3.0649 5.1046 3

252.045 188.718 5.8106 6.9160 O

298.079 172.801 16.4386 6.9160 OCH
314.422 175.810 3.0649 5.1046 3

307.135 188.718 5.8106 6.9160 O

279.590 279.231 5.8106 6.9160 O

289.129 257.098 5.3924 6.9160 H

289.129 263.208 5.3924 6.9160 N

307.403 252.651 5.3924 6.9160 N

288.861 220.604 16.4984 6.9160 OCH
305.313 223.612 3.0649 5.1046 3

279.590 236.520 5.8106 6.9160 O

325.569 220.604 16.4984 6.9160 OCH
342.021 223.612 3.0649 5.1046 3

334.787 236.520 5.8106 6.9160 O

218.496 326.134 4.1031 6.8336 9

227.393 310.432 8.1767 6.8336 10

218.872 298.749 8.1782 6.8336 11

227.232 291.300 8.1767 6.8336 12

245.721 278.117 8.1789 6.8336 13

236.288 266.648 8.1782 6.8336 14

296.684 270.775 8.1782 6.8336 18

310.243 261.878 8.2217 6.8336 19

320.210 245.855 8.2217 6.8336 20

318.872 226.991 8.2217 6.8336 22

330.019 212.576 9.7884 6.8336 23‘

259.762 271.525 8.1789 6.8336 15

268.658 257.967 8.1782 6.8336 16
278.358 262.414 8.1782 6.8336 17

310.727 235.030 8.1782 6.8336 21

215.495 316.477 5.3924 6.9160 N

187.574 300.453 5.8106 6.9160 O

197.060 284.538 10.7557 6.9160 NH

242.773 300.453 5.8106 6.9160 O

228.571 284.483 10.7041 6.9160 HN

178.571 263.208 5.3924 6.9160 N

252.312 263.208 5.3924 6.9160 N

150.651 279.231 5.8106 6.9160 O

136.503 263.208 10.7564 6.9160 HN

197.060 231.322 10.7564 6.9160 NH

206.224 204.688 5.3924 6.9160 N

187.574 172.801 16.4984 6.9160 OCH
204.027 175.810 3.0649 5.1046 3

224.391 172.801 16.3863 6.9160 OCH
240.736 175.810 3.0649 5.1046 3

178.303 231.322 5.8106 6.9160 O

178.303 188.718 5.8106 6.9160 O

233.555 188.718 5.8106 6.9160 O

132.698 236.520 5.3924 6.9160 N

150.651 204.634 16.5506 6.9160 OCH
167.103 207.696 3.0649 5.1046 3

159.922 220.604 5.8106 6.9160 O

113.942 204.634 16.4984 6.9160 OCH
130.394 207.696 3.0649 5.1046 3

104.778 220.604 5.8106 6.9160 O

270.694 231.215 10.7564 6.9160 NH

252.045 231.215 5.8106 6.9160 O

279.965 204.634 5.3924 6.9160 N

261.209 172.801 16.4984 6.9160 OCH
277.661 175.810 3.0649 5.1046 3

252.045 188.718 5.8106 6.9160 O

298.079 172.801 16.4386 6.9160 OCH
314.422 175.810 3.0649 5.1046 3

307.135 188.718 5.8106 6.9160 O

279.590 279.231 5.8106 6.9160 O

289.129 257.098 5.3924 6.9160 H

289.129 263.208 5.3924 6.9160 N

307.403 252.651 5.3924 6.9160 N

288.861 220.604 16.4984 6.9160 OCH
305.313 223.612 3.0649 5.1046 3

279.590 236.520 5.8106 6.9160 O

325.569 220.604 16.4984 6.9160 OCH
342.021 223.612 3.0649 5.1046 3

334.787 236.520 5.8106 6.9160 O

218.496 326.134 4.1031 6.8336 9

227.393 310.432 8.1767 6.8336 10

218.872 298.749 8.1782 6.8336 11

227.232 291.300 8.1767 6.8336 12

245.721 278.117 8.1789 6.8336 13

236.288 266.648 8.1782 6.8336 14

296.684 270.775 8.1782 6.8336 18

310.243 261.878 8.2217 6.8336 19

320.210 245.855 8.2217 6.8336 20

318.872 226.991 8.2217 6.8336 22

330.019 212.576 9.7884 6.8336 23‘

259.762 271.525 8.1789 6.8336 15

268.658 257.967 8.1782 6.8336 16
278.358 262.414 8.1782 6.8336 17

310.727 235.030 8.1782 6.8336 21

328.034 511.092 8.4865 7.7354 50

219.193 511.092 12.6721 7.7354 100

112.602 511.092 12.6721 7.7354 150

274.714 511.466 8.1782 7.3797 75

165.764 511.466 12.2968 7.3797 125

59.0676 511.466 12.2968 7.3797 175

351.722 511.717 14.2450 6.8336 ppm

88.5960 448.659 5.3281 7.3797 A

88.1672 397.534 5.3281 7.3797 B

88.4351 309.967 5.3281 7.3797 C

214.853 349.339 4.1031 6.8336 1

269.569 341.515 10.6341 6.8336 2-5

302.151 348.214 4.1031 6.8336 6
306.278 352.001 7.7404 4.7752 OH

168.979 349.820 4.1031 6.8336 7

131.090 349.713 4.1031 6.8336 8

54.8327 310.218 28.6524 6.8336 12,17,22

318.441 297.677 28.6310 6.8336 10,15,20
356.758 299.983 28.6236 6.8336 11,16,21

350.274 288.621 18.4138 6.8336 13,18

305.366 317.721 18.4079 6.8336 14,19

322.031 307.486 9.7870 6.8336 23‘

336.072 461.557 4.1031 6.8336 9

331.677 443.871 8.2217 6.8336 10

364.421 443.978 8.1789 6.8336 11

65.7650 448.855 8.1774 6.8336 12

320.693 443.871 9.7870 6.8336 13‘

60.5143 397.731 18.4138 6.8336 12,17

355.687 388.943 8.2225 6.8336 13

316.031 400.678 8.2217 6.8336 14

323.050 367.667 18.4581 6.8336 10,15

359.278 368.577 18.4138 6.8336 11,16

320.854 385.459 9.8298 6.8336 18‘

335.055 410.700 4.1031 6.8336 9

336.394 347.142 4.1031 6.8336 9

118.284 94.2516 7.4033 6.8336 R:

332.857 141.856 5.3281 7.3797 B

177.769 141.856 5.3281 7.3797 A

253.385 316.291 5.3281 7.3797 C

53.8582 530.244 13.9302 7.5706 Fig.
71.0927 530.244 8.4682 7.5706 33
85.5496 528.439 6.3510 4.9562 13
91.8992 530.312 27.6741 7.4351 C-NMR
122.910 530.312 24.0497 7.4351 spectra
150.293 530.312 7.0540 7.4351 of
160.611 530.312 13.1342 7.4351 ﬁrst
177.052 530.312 13.5745 7.4351 (DS
193.947 530.312 16.9364 7.4351 0.60,
214.185 530.329 10.1525 7.4520 A),
227.620 530.312 23.5331 7.4351 second
254.436 530.312 13.5745 7.4351 (DS
271.331 530.312 16.9364 7.4351 0.48,
291.570 530.329 10.1525 7.4520 B),
305.006 530.312 12.2535 7.4351 and
320.597 530.312 16.0472 7.4351 third
339.929 530.312 13.5745 7.4351 (DS
356.824 530.312 16.9364 7.4351 0.28,
377.063 530.329 8.4326 7.4520 C)

53.8575 540.290 35.8713 7.4351 generation
92.1253 540.290 60.6408 7.4351 PAMAM-triazolo
155.224 540.290 30.2230 7.4351 cellulose
187.822 540.290 6.6137 7.4351 in
196.837 540.290 31.3891 7.4351 DMSO-d
228.245 543.588 3.1755 4.9675 6
233.801 540.290 6.1648 7.4351 at
242.305 540.290 8.4682 7.4351 60
254.267 540.290 5.6398 7.4351 C

53.8583 36.8584 8.4682 7.4351 40

351.722 36.8584 7.3165 7.4351 T.
361.416 36.8584 24.0497 7.4351 Heinze

89.1247 462.204 3.7021 4.4064 O

79.2860 452.790 3.7021 4.4064 O

101.976 468.512 3.7021 4.4064 O

61.2094 470.584 7.0002 4.4064 HO

89.2194 475.008 3.7021 4.4064 O

83.1466 481.882 4.3493 4.4064 Si

87.1004 450.811 4.3493 4.4064 Si

129.092 455.096 4.2265 4.4064 (i)
134.641 455.096 24.0180 4.4064 CHCCH2Br
159.981 455.096 1.3229 4.4064 /
162.625 455.096 9.5170 4.4064 NaH

135.704 461.074 5.2915 4.4064 72
142.318 461.074 3.9686 4.4064 h,
147.609 461.074 11.9534 4.4064 50°C,
160.884 461.074 9.2505 4.4064 THF

128.809 473.549 5.2819 4.4064 (ii)
135.413 473.549 12.1627 4.4064 TBAF

135.421 478.822 5.2915 4.4064 24
142.035 478.822 3.9686 4.4064 h,
147.326 478.822 11.9534 4.4064 50°C,
160.602 478.822 9.2505 4.4064 THF

135.421 484.095 5.2915 4.4064 24
142.035 484.095 3.9686 4.4064 h,
147.326 484.095 11.9534 4.4064 50°C,
160.602 484.095 14.2755 4.4064 DMSO

211.520 462.204 3.7021 4.4064 O

201.683 452.789 7.0178 4.4064 OH

224.373 468.512 3.7021 4.4064 O

186.806 470.443 3.7021 4.4064 O

211.615 475.008 7.0188 4.4064 OH

234.401 452.272 5.2323 4.4064 H3

306.002 452.272 3.4356 4.4064 H

302.425 452.272 3.4356 4.4064 C

298.848 452.272 3.7021 4.4064 O

243.298 452.272 3.7021 4.4064 O

239.767 452.272 3.4356 4.4064 C

309.251 454.018 1.9843 3.3047 3

268.767 424.780 5.2793 4.4064 N3

271.450 452.272 3.4356 4.4064 N

250.218 464.182 3.7021 4.4064 O

291.973 464.182 3.7021 4.4064 O

256.574 476.421 29.5479 4.4064 CuSO4+5H2O

256.574 482.400 16.1337 4.4064 Sodium
274.030 482.400 20.8984 4.4064 ascorbate

256.574 487.720 5.2915 4.4064 24
263.188 487.720 3.9686 4.4064 h,
268.479 487.720 10.6305 4.4064 25°C

256.574 492.992 14.2755 4.4064 DMSO

364.047 431.840 3.7021 4.4064 O

354.163 422.472 7.0174 4.4064 OH

376.852 438.195 3.7021 4.4064 O

339.286 440.078 3.7021 4.4064 O

364.095 444.692 7.0174 4.4064 OH

337.213 466.111 3.4356 4.4064 N

344.463 462.910 3.4356 4.4064 N

343.663 455.002 3.4356 4.4064 N

323.469 489.931 3.4356 4.4064 N

309.582 513.705 12.3876 4.4064 OCH3

337.073 513.706 12.4351 4.4064 OCH3

302.661 501.795 3.7021 4.4064 O

343.945 501.795 3.7021 4.4064 O

53.8582 529.677 13.9302 7.5706 Fig.
69.7886 529.677 8.4682 7.5706 36
84.2455 529.745 32.4417 7.4351 Synthesis
118.658 529.745 27.4031 7.4351 reaction
148.082 529.745 7.0540 7.4351 of
157.096 529.745 13.1342 7.4351 ﬁrst
172.233 529.745 35.8713 7.4351 generation
210.104 529.745 175.323 7.4351 3-O-(4-methyl-1-N-propyl-polyamidoamine-(1,2,3-

53.8582 539.723 31.1884 7.4351 triazole))
87.4770 539.723 30.2230 7.4351 cellulose
120.075 539.723 10.3989 7.4351 via
132.887 539.723 48.9479 7.4351 3-O-propargyl
184.194 539.723 30.2230 7.4351 cellulose

107.495 153.564 5.6340 6.7057 O

92.7686 139.290 5.2284 6.7057 N
97.7536 141.945 3.0199 5.0295 3

127.037 163.293 5.2284 6.6116 O

65.1295 166.364 10.6176 6.7057 HO

107.610 173.106 5.6340 6.7057 O

112.651 199.047 5.6340 6.7057 O

118.030 196.264 1.8087 5.0295 -
119.843 199.046 9.0100 6.7057 Na

128.906 196.264 3.1719 5.0295 +

91.7498 199.329 5.6340 6.7057 O

210.412 122.467 5.2284 6.7057 N

191.211 83.7258 16.1053 6.7057 OCH
207.070 86.3812 3.0199 5.0295 3

229.160 83.7256 16.1053 6.7057 OCH
245.019 86.3812 3.0199 5.0295 3

180.789 101.794 5.6340 6.7057 O

239.633 101.794 5.6340 6.7057 O

347.878 102.077 5.2284 6.7057 N

328.677 63.3923 16.1053 6.7057 OCH
344.537 66.0472 3.0199 5.0295 3

366.627 63.3918 16.1053 6.7057 OCH
382.487 66.0472 3.0199 5.0295 3

318.255 81.4605 5.6340 6.7057 O

377.100 81.4605 5.6340 6.7057 O

341.421 143.072 5.2284 6.6116 N

348.502 133.274 5.2284 6.6116 N

329.130 199.329 5.6340 6.7057 O

350.031 199.046 5.6340 6.7057 O

355.468 196.264 1.8087 5.0295 -
357.281 199.046 9.0093 6.7057 Na

366.344 196.264 3.1719 5.0295 +

345.046 173.104 5.6340 6.7057 O

302.567 166.365 10.6169 6.7057 HO

364.417 163.293 5.2284 6.6116 O

329.981 139.335 5.2284 6.6116 N

344.934 153.564 5.6340 6.7057 O

155.074 176.730 19.7210 6.7057 CuSO
174.785 179.385 3.0199 5.0295 4
177.843 175.370 2.0132 6.7057 .
179.826 176.730 9.2555 6.7057 5H
189.115 179.385 3.0199 5.0295 2
192.117 176.730 5.6340 6.7057 O
199.762 176.730 2.0132 6.7057 /
203.787 176.730 23.3397 6.7057 sodium
229.139 176.730 31.7979 6.7057 ascorbate

197.336 185.793 26.1443 6.7057 (Water),
225.492 185.793 8.0519 6.7057 24
235.555 185.793 6.0388 6.7057 h,
243.606 185.793 16.1756 6.7057 25°C

53.8582 217.356 13.9302 7.5706 Fig.
71.6600 217.356 8.4682 7.5706 34
86.0594 217.424 49.0114 7.4351 Homogeneous
138.896 217.424 37.2008 7.4351 conversion
179.942 217.424 7.0540 7.4351 of
190.883 217.424 50.9532 7.4351 carboxymethyl
245.706 217.424 86.2910 7.4351 6-deoxy-6-azidocellulose
335.905 217.424 13.5745 7.4351 (DS
349.511 220.710 15.1979 4.9562 Azide
368.560 217.424 16.9364 7.4351 0.81,

53.8585 227.402 10.7546 7.4351 DS
64.6299 230.688 9.8504 4.9562 CM
77.7826 227.402 17.6393 7.4351 1.25)
98.7024 227.402 15.0734 7.4351 with
117.070 227.402 13.1342 7.4351 ﬁrst
133.455 227.402 35.8713 7.4351 generation
172.629 227.402 92.9216 7.4351 propargyl-polyamidoamine
268.951 227.402 27.7757 7.4351 dendron
300.019 227.402 10.3989 7.4351 via
313.682 227.402 10.3989 7.4351 the
327.345 227.402 58.0664 7.4351 copper-catalyzed

53.8582 237.323 28.2076 7.4351 Huisgen
84.4725 237.323 27.4031 7.4351 reaction

90.6033 323.696 3.6852 4.3773 O

80.8462 314.363 3.6852 4.3773 O

90.6976 336.471 6.9573 4.3773 OH

63.0281 331.898 6.9402 4.3773 HO

86.5496 308.801 3.1594 4.3773 S

80.8462 303.192 3.6852 4.3773 O

91.9708 314.364 3.6852 4.3773 O

104.131 331.898 3.6852 4.3773 O

123.881 323.366 8.7465 4.3773 H2N

124.966 336.140 11.8190 4.3773 80°C,
138.063 336.140 12.1563 4.3773 24-48
151.498 336.140 2.6336 4.3773 h

124.966 341.420 13.5479 4.3773 DMSO

207.125 324.875 3.6852 4.3773 O

197.509 315.542 6.6750 4.3773 NH

207.220 337.649 6.9568 4.3773 OH

179.597 332.935 6.9402 4.3773 HO

220.654 333.077 3.6852 4.3773 O

250.396 319.454 5.2271 4.3773 N3

253.037 292.162 3.4199 4.3773 N

239.225 268.546 12.3449 4.3773 OCH3

266.564 268.546 12.2981 4.3773 OCH3

272.127 281.980 3.6852 4.3773 O

232.390 280.331 3.6852 4.3773 O

321.904 336.989 3.6852 4.3773 O

312.241 327.656 6.6750 4.3773 NH

321.951 349.763 6.9568 4.3773 OH

294.281 345.191 6.9402 4.3773 HO

335.387 345.191 3.6852 4.3773 O

324.072 320.869 3.4199 4.3773 N

335.432 315.071 3.4199 4.3773 N

327.654 313.799 3.4199 4.3773 N

354.759 295.746 3.4199 4.3773 N

343.444 268.831 12.3454 4.3773 OCH3

373.141 274.533 12.3451 4.3773 OCH3

336.611 280.660 3.6852 4.3773 O

376.677 287.731 3.6852 4.3773 O

243.279 336.753 27.9141 4.3773 CuSO4.5H2O

243.279 342.692 15.7424 4.3773 Sodium
260.035 342.692 20.6496 4.3773 ascorbate

243.279 347.924 11.7844 4.3773 25°C,
256.388 347.924 5.2710 4.3773 48
262.947 347.924 2.6336 4.3773 h

243.279 353.203 13.5010 4.3773 DMSO

53.8582 368.613 13.9302 7.5706 Fig.
70.0155 368.613 8.4682 7.5706 35
84.4724 368.680 30.2230 7.4351 Reaction
116.957 368.680 14.6330 7.4351 path
133.795 368.680 9.8739 7.4351 for
145.927 368.680 10.3989 7.4351 the
158.570 368.680 31.0275 7.4351 synthesis
191.849 368.680 7.0540 7.4351 of
201.146 368.680 184.259 7.4351 6-deoxy-6-amino-(4-methyl-(1,2,3-triazolo)-1-propyl-

53.8582 378.659 36.3286 7.4351 polyamido
97.0579 378.659 23.6178 7.4351 amine)
127.558 378.659 30.2230 7.4351 cellulose
164.692 378.659 37.2770 7.4351 derivatives
208.913 378.659 7.0540 7.4351 of
222.803 378.659 13.1342 7.4351 ﬁrst
242.815 378.659 35.8713 7.4351 generation
285.619 378.659 13.5745 7.4351 (DS
306.028 378.659 17.6393 7.4351 0.33)
330.576 378.659 10.3989 7.4351 via
347.811 378.659 37.6809 7.4351 6-deoxy-6-

53.8582 388.637 54.2219 7.4351 aminopropargyl
110.494 388.637 30.2230 7.4351 cellulose

53.8582 36.9723 34.4571 7.4351 Cellulose:
90.7084 36.9723 31.1122 7.4351 Structure
124.213 36.9723 12.2535 7.4351 and
138.897 36.9723 34.3724 7.4351 Properties

377.064 36.9723 8.4682 7.4351 41

53.8582 62.1462 14.9439 10.5683 7.4
80.7871 62.1462 45.9076 10.5683 Cellulose
130.110 62.1462 51.7775 10.5683 Carbonate
185.273 62.1462 10.5803 10.5683 as
199.220 62.1462 42.0341 10.5683 Reactive
244.687 62.1462 63.2066 10.5683 Intermediate

53.8582 91.5972 60.5128 8.7472 Polysaccharide
116.446 91.5972 15.5516 8.7472 aryl
134.077 91.5972 42.8143 8.7472 carbonates
178.863 91.5972 12.2241 8.7472 are
193.150 91.5972 23.3224 8.7472 easily
218.547 91.5972 40.6364 8.7472 accessible
261.179 91.5972 31.7110 8.7472 reactive
294.968 91.5972 43.9201 8.7472 derivatives
340.945 91.5972 24.4482 8.7472 useful
367.421 91.5972 11.6164 8.7472 for
381.027 91.5972 4.4533 8.7472 a

53.8582 103.559 27.7857 8.7472 variety
84.8120 103.559 8.3636 8.7472 of
96.2640 103.559 36.1911 8.7472 reactions
135.551 103.559 24.1205 8.7472 [193].
162.821 103.559 24.9862 8.7472 Easily
190.997 103.559 28.8318 8.7472 soluble
223.028 103.559 35.5565 8.7472 cellulose
261.805 103.559 15.5516 8.7472 aryl
280.514 103.559 42.8143 8.7472 carbonates
326.434 103.559 13.8879 8.7472 can
343.498 103.559 9.4346 8.7472 be
356.084 103.559 29.3498 8.7472 synthe-

53.8582 115.521 20.5230 8.7472 sized
77.3859 115.521 9.9626 8.7472 by
90.2546 115.521 35.0345 8.7472 applying
128.238 115.521 27.1780 8.7472 phenyl
158.397 115.521 59.1888 8.7472 chloroformate,
220.588 115.521 27.1780 8.7472 phenyl
250.748 115.521 57.4394 8.7472 ﬂuoroformate,
311.182 115.521 14.4159 8.7472 and
328.534 115.541 22.6131 8.7671 p-NO
351.212 119.364 3.7359 5.8308 2
354.954 115.521 30.4955 8.7472 -phenyl

53.8595 127.483 56.7798 8.7472 chloroformate
114.066 127.483 22.7147 8.7472 under
140.258 127.483 55.5395 8.7472 homogeneous
199.218 127.483 32.3426 8.7472 reaction
235.048 127.483 41.5939 8.7472 conditions
280.174 127.483 17.7334 8.7472 with
301.377 127.483 48.8167 8.7472 DMAc/LiCl
353.704 127.483 8.2889 8.7472 as
365.439 127.483 19.9949 8.7472 reac-

53.8595 139.445 15.5616 8.7472 tion
74.4951 139.445 35.2676 8.7472 medium.
114.859 139.445 33.8768 8.7472 Pyridine
153.806 139.445 26.6380 8.7472 should
185.440 139.445 9.4346 8.7472 be
199.954 139.445 18.2515 8.7472 used
223.311 139.445 28.3037 8.7472 instead
256.703 139.445 8.2988 8.7472 of
270.082 139.445 53.5061 8.7472 triethylamine
328.646 139.445 7.7808 8.7472 to
341.458 139.445 26.7336 8.7472 reduce
373.263 139.445 12.2341 8.7472 the

53.8595 151.408 60.1472 8.7472 nucleophilicity
117.751 151.408 8.2988 8.7472 of
129.770 151.408 12.2341 8.7472 the
145.757 151.408 36.0706 8.7472 hydroxyl
185.556 151.408 27.0783 8.7472 groups
216.396 151.408 8.2988 8.7472 of
228.415 151.408 12.2341 8.7472 the
244.345 151.408 33.3956 8.7472 polymer
281.422 151.408 14.4159 8.7472 and
299.620 151.408 7.7808 8.7472 to
311.129 151.408 31.1032 8.7472 exclude
345.995 151.408 39.4987 8.7472 formation

53.8595 163.370 8.2988 8.7472 of
64.9708 163.370 23.9401 8.7472 cyclic
91.7861 163.370 8.2988 8.7472 or
102.897 163.370 58.4755 8.7472 intermolecular
164.239 163.370 42.7097 8.7472 carbonates
209.820 163.370 44.0765 8.7472 [194–196].

65.8216 175.275 15.5516 8.7472 The
85.7209 175.275 36.6036 8.7472 synthesis
126.595 175.275 8.2988 8.7472 of
139.238 175.275 35.5565 8.7472 cellulose
179.206 175.275 27.1780 8.7472 phenyl
210.783 175.275 42.7097 8.7472 carbonates
257.894 175.275 7.7808 8.7472 in
270.027 175.275 12.2341 8.7472 the
286.580 175.275 9.4346 8.7472 IL
300.357 175.275 85.1244 8.7472 1-butyl-3-methylimi-

53.8595 187.237 37.3169 8.7472 dazolium
94.3376 187.237 69.0249 8.7472 chloride/pyridine
166.505 187.237 6.6351 8.7472 is
176.313 187.237 18.8692 8.7472 even
198.367 187.237 20.5329 8.7472 more
222.064 187.237 35.3722 8.7472 efﬁcient.
260.558 187.237 15.5516 8.7472 The
279.267 187.237 12.6525 8.7472 DS
295.085 187.237 13.8879 8.7472 can
312.148 187.237 9.4346 8.7472 be
324.791 187.237 43.1311 8.7472 controlled,
371.051 187.237 14.4159 8.7472 and

53.8595 199.199 44.5697 8.7472 completely
101.083 199.199 57.3168 8.7472 functionalized
161.120 199.199 34.4138 8.7472 products
198.140 199.199 12.2241 8.7472 are
213.050 199.199 36.2718 8.7472 available
251.941 199.199 8.2889 8.7472 as
262.883 199.199 4.4533 8.7472 a
269.970 199.199 22.2664 8.7472 result
294.857 199.199 8.2988 8.7472 of
305.799 199.199 12.2341 8.7472 the
320.709 199.199 14.9240 8.7472 less
338.284 199.199 47.1590 8.7472 pronounced

53.8595 211.161 16.0697 8.7472 side
72.7377 211.161 36.1782 8.7472 reactions
111.742 211.161 17.2154 8.7472 than
131.810 211.161 17.7334 8.7472 with
152.333 211.161 29.0230 8.7472 tertiary
184.138 211.161 24.4681 8.7472 amide
211.463 211.161 32.7371 8.7472 solvents
247.009 211.161 24.1214 8.7472 [197].

65.8216 223.123 7.1531 8.7472 A
75.3459 223.123 27.7857 8.7472 variety
105.562 223.123 8.2988 8.7472 of
116.220 223.123 22.1967 8.7472 novel
140.825 223.123 35.5565 8.7472 cellulose
178.865 223.123 43.9480 8.7472 derivatives
225.182 223.123 12.2241 8.7472 are
239.808 223.123 40.5179 8.7472 accessible
282.781 223.123 22.7048 8.7472 based
307.895 223.123 9.9626 8.7472 on
320.254 223.123 35.5565 8.7472 cellulose
358.237 223.123 27.2427 8.7472 phenyl

53.8595 235.085 41.4653 8.7472 carbonate.
100.006 235.085 13.7982 8.7472 For
118.487 235.085 35.3463 8.7472 instance,
158.512 235.085 65.5350 8.7472 poly-zwitterions
228.810 235.085 13.8879 8.7472 can
247.349 235.085 9.4993 8.7472 be
261.523 235.085 37.1306 8.7472 produced
303.361 235.085 19.1581 8.7472 (Fig.
327.174 235.085 15.7857 8.7472 37).
347.639 235.085 37.8250 8.7472 Cellulose

53.8585 247.047 27.1780 8.7472 phenyl
85.2088 247.047 38.9787 8.7472 carbonate
128.295 247.047 13.8879 8.7472 can
146.323 247.047 9.4346 8.7472 be
159.872 247.047 31.7149 8.7472 allowed
195.702 247.047 7.7808 8.7472 to
207.607 247.047 19.4769 8.7472 react
231.247 247.047 17.7334 8.7472 with
253.130 247.047 40.5478 8.7472 equimolar
297.860 247.047 33.8888 8.7472 amounts
335.843 247.047 8.2988 8.7472 of
348.263 246.171 37.1715 9.9626 β-alanine

53.8585 259.010 20.0149 8.7472 ethyl
76.0821 259.010 18.8592 8.7472 ester
97.1719 259.010 14.4159 8.7472 and
113.782 259.029 170.163 8.7671 N-tert-butoxycarbonyl-1,2-ethanediamine.
286.126 259.010 15.6214 8.7472 The
303.927 259.010 43.3503 8.7472 aminolysis
349.451 259.010 35.9849 8.7472 produces

53.8575 270.915 181.112 8.7472 (3-ethoxy-3-oxopropyl-N-Boc-2-aminoethyl)
247.803 270.915 35.6631 8.7472 cellulose
296.331 270.915 41.2432 8.7472 carbamate
350.416 270.915 17.7334 8.7472 with
381.030 270.915 4.4533 8.7472 a

53.8575 282.877 12.6525 8.7472 DS
66.5575 286.778 35.8348 5.8308 alanineester
105.448 282.879 8.2988 8.7472 of
116.730 282.879 17.4345 8.7472 0.88
137.196 282.879 14.4159 8.7472 and
154.601 282.879 4.4533 8.7472 a
162.028 282.879 12.6525 8.7472 DS
174.727 286.778 33.1748 5.8308 BocÀEDA
210.897 282.879 8.2988 8.7472 of
222.179 282.879 19.9252 8.7472 0.95.
245.140 282.879 22.4059 8.7472 Thus,
270.537 282.879 20.1005 8.7472 there
293.612 282.879 6.6351 8.7472 is
303.249 282.879 40.1224 8.7472 indication
346.335 282.879 8.2988 8.7472 of
357.616 282.879 27.8614 8.7472 similar

53.8591 294.841 37.9406 8.7472 reactivity
93.8271 294.841 8.2988 8.7472 of
104.202 294.841 12.2341 8.7472 the
118.488 294.841 30.8930 8.7472 amines,
151.425 294.841 32.8537 8.7472 together
186.291 294.841 17.8151 8.7472 with
206.133 294.841 4.4533 8.7472 a
212.653 294.841 17.7334 8.7472 very
232.438 294.841 17.7434 8.7472 high
252.281 294.841 43.8643 8.7472 conversion
298.201 294.841 21.5790 8.7472 (95%
321.842 294.841 8.2988 8.7472 of
332.217 294.841 12.2341 8.7472 the
346.503 294.841 38.9597 8.7472 carbonate

53.8591 306.803 33.9954 8.7472 moieties
90.6520 306.803 15.5616 8.7472 into
109.020 306.803 47.0394 8.7472 carbamate).

53.8582 567.605 13.9302 7.5706 Fig.
72.5103 567.605 8.4682 7.5706 37
86.9672 567.673 30.2230 7.4351 Reaction
121.946 567.673 25.4639 7.4351 scheme
152.163 567.673 9.8739 7.4351 for
166.791 567.673 10.3989 7.4351 the
181.927 567.673 31.0275 7.4351 synthesis
217.700 567.673 7.0540 7.4351 of
229.492 567.673 27.1490 7.4351 anionic,
261.411 567.673 29.0798 7.4351 cationic,
295.256 567.673 12.2535 7.4351 and
312.207 567.673 38.2593 7.4351 ampholytic
355.238 567.673 30.2230 7.4351 cellulose

53.8582 577.651 34.9737 7.4351 carbamate

53.8582 36.8592 8.4682 7.4351 42

351.722 36.8592 7.3165 7.4351 T.
361.416 36.8592 24.0497 7.4351 Heinze

65.8204 62.4003 7.1531 8.7472 A
76.9885 62.4003 42.5074 8.7472 polyanion,
123.476 62.4003 44.7739 8.7472 polycation,
172.287 62.4003 14.4159 8.7472 and
190.769 62.4003 61.6914 8.7472 poly-zwitterion
256.532 62.4003 13.8879 8.7472 can
274.447 62.4003 9.4346 8.7472 be
287.883 62.4003 34.5065 8.7472 obtained
326.377 62.4003 19.3972 8.7472 from
349.848 62.4003 35.5565 8.7472 cellulose

53.8583 74.3624 41.2422 8.7472 carbamate
104.880 74.3624 31.6113 8.7472 because
146.323 74.3624 8.2988 8.7472 of
164.351 74.3624 12.2341 8.7472 the
186.347 74.3624 43.3503 8.7472 orthogonal
239.468 74.3624 40.6404 8.7472 protecting
289.811 74.3624 29.6457 8.7472 groups.
329.212 74.3624 38.2474 8.7472 Synthesis
377.173 74.3624 8.2988 8.7472 of

53.8583 86.3245 153.446 8.7472 (2-carboxyethyl-N-Boc-2-aminoethyl)
212.200 86.3245 35.5565 8.7472 cellulose
252.735 86.3245 41.1455 8.7472 carbamate
298.826 86.3245 9.9626 8.7472 by
313.679 86.3245 31.7209 8.7472 alkaline
350.359 86.3245 35.0285 8.7472 cleavage

53.8583 98.2298 8.2988 8.7472 of
66.9541 98.2298 12.2341 8.7472 the
84.0181 98.2298 20.0906 8.7472 ethyl
108.905 98.2298 18.8592 8.7472 ester
132.602 98.2298 13.2702 8.7472 has
150.687 98.2298 18.8692 8.7472 been
174.384 98.2298 27.8853 8.7472 carried
207.040 98.2298 12.7621 8.7472 out
224.615 98.2298 63.3203 8.7472 homogeneously
292.759 98.2298 7.7808 8.7472 in
305.345 98.2298 80.1352 8.7472 methanolic/aqueous

53.8583 110.191 25.9127 8.7472 NaOH
82.1481 110.191 32.2290 8.7472 solution
116.730 110.191 7.7808 8.7472 to
126.821 110.191 31.7966 8.7472 mediate
160.950 110.191 12.2341 8.7472 the
175.577 110.191 37.7583 8.7472 solubility
215.715 110.191 8.2988 8.7472 of
226.373 110.191 21.6687 8.7472 educt
250.411 110.191 14.4159 8.7472 and
267.192 110.191 33.0689 8.7472 product.
302.567 110.191 11.6164 8.7472 By
316.514 110.191 35.0345 8.7472 applying
353.874 110.191 31.6073 8.7472 gaseous

53.8583 122.154 37.7244 8.7472 hydrogen
94.3373 122.154 35.2576 8.7472 chloride,
132.377 122.154 24.0338 8.7472 acidic
159.136 122.154 35.0285 8.7472 cleavage
197.005 122.154 8.2988 8.7472 of
208.004 122.154 12.2341 8.7472 the
223.028 122.154 16.0697 8.7472 Boc
241.849 122.154 23.2427 8.7472 group
267.870 122.154 20.5230 8.7472 leads
291.171 122.154 7.7808 8.7472 to
301.659 122.154 12.2341 8.7472 the
316.682 122.154 44.7022 8.7472 polycation.
364.190 122.154 21.2602 8.7472 Also,

53.8583 134.116 123.986 8.7472 (2-carboxyethyl-2-aminoethyl)
180.679 134.116 35.5565 8.7472 cellulose
219.116 134.116 43.7328 8.7472 carbamate,
265.660 134.116 4.4533 8.7472 a
272.916 134.116 64.2040 8.7472 poly-zwitterion,
339.927 134.116 13.8879 8.7472 can
356.651 134.116 9.4346 8.7472 be
368.897 134.116 16.5977 8.7472 pro-

53.8583 146.078 23.8505 8.7472 duced
80.5601 146.078 9.9626 8.7472 by
93.3162 146.078 24.0258 8.7472 acidic
120.131 146.078 37.9296 8.7472 treatment
160.893 146.078 8.2988 8.7472 of
172.004 146.078 12.2341 8.7472 the
187.028 146.078 42.5144 8.7472 polyanion.

53.8582 194.497 5.9776 10.6879 8
71.7729 194.497 61.6895 10.6879 Conclusions

53.8582 223.805 37.8250 8.7472 Cellulose
94.3362 223.805 6.6351 8.7472 is
103.633 223.805 12.2341 8.7472 the
118.600 223.805 19.3972 8.7472 most
140.653 223.805 38.9926 8.7472 important
182.321 223.805 41.1465 8.7472 renewable
226.144 223.805 33.7931 8.7472 resource
262.654 223.805 14.4159 8.7472 and
279.775 223.805 4.4533 8.7472 a
286.918 223.805 27.1780 8.7472 unique
316.795 223.805 33.2950 8.7472 polymer
352.795 223.805 7.7808 8.7472 in
363.282 223.805 22.1867 8.7472 terms

53.8582 235.767 8.2988 8.7472 of
64.6865 235.767 9.4346 8.7472 its
76.6486 235.767 35.0205 8.7472 structure
114.235 235.767 14.4159 8.7472 and
131.186 235.767 42.4865 8.7472 properties.
176.257 235.767 33.3657 8.7472 Because
212.143 235.767 8.2988 8.7472 of
222.971 235.767 9.4346 8.7472 its
234.933 235.767 27.2427 8.7472 unique
264.697 235.767 42.5722 8.7472 properties,
309.768 235.767 35.5565 8.7472 cellulose
347.979 235.767 13.8879 8.7472 can
364.419 235.767 21.0410 8.7472 serve

53.8582 247.672 8.2889 8.7472 as
64.9695 247.672 30.0472 8.7472 starting
97.8510 247.672 32.9593 8.7472 material
133.623 247.672 11.6164 8.7472 for
148.080 247.672 29.3498 8.7472 various
180.338 247.672 34.3311 8.7472 products
217.528 247.672 14.4159 8.7472 and
234.819 247.672 38.2474 8.7472 processes
275.864 247.672 11.6164 8.7472 for
290.378 247.672 4.4533 8.7472 a
297.635 247.672 44.4591 8.7472 sustainable
344.973 247.672 23.2328 8.7472 world
371.051 247.672 14.4159 8.7472 and

53.8582 259.634 12.2341 8.7472 the
69.4487 259.634 51.7487 8.7472 development
124.553 259.634 8.2988 8.7472 of
136.176 259.634 4.4533 8.7472 a
143.999 259.634 37.6248 8.7472 country’s
184.932 259.634 51.9410 8.7472 bioeconomy.
240.263 259.634 33.8728 8.7472 Physical
277.510 259.634 14.4159 8.7472 and
295.255 259.634 36.2788 8.7472 chemical
334.882 259.634 50.5971 8.7472 modiﬁcation

53.8592 271.596 36.0746 8.7472 reactions
92.9763 271.596 32.7770 8.7472 yielding
128.749 271.596 24.6574 8.7472 ﬁbers,
156.301 271.596 18.6480 8.7472 ﬁlm,
177.844 271.596 34.6160 8.7472 sponges,
215.431 271.596 14.4159 8.7472 and
232.779 271.596 35.5565 8.7472 cellulose
271.386 271.596 23.8405 8.7472 ethers
298.201 271.596 14.4159 8.7472 and
315.606 271.596 22.6948 8.7472 esters
341.288 271.596 12.2241 8.7472 are
356.482 271.596 8.2988 8.7472 of
367.707 271.596 17.7434 8.7472 high

53.8592 283.558 47.3592 8.7472 commercial
104.201 283.558 45.0937 8.7472 importance
152.275 283.558 24.7630 8.7472 today.
179.998 283.558 39.0863 8.7472 However,
222.063 283.558 33.2651 8.7472 research
258.346 283.558 14.4159 8.7472 and
275.751 283.558 51.7467 8.7472 development
330.515 283.558 7.7808 8.7472 in
341.230 283.558 12.2341 8.7472 the
356.480 283.558 17.7334 8.7472 ﬁeld
377.172 283.558 8.2988 8.7472 of

53.8592 295.520 62.8072 8.7472 nanostructuring
121.379 295.520 8.3636 8.7472 of
134.476 295.520 35.5565 8.7472 cellulose
174.897 295.520 14.4159 8.7472 and
194.059 295.520 35.6422 8.7472 cellulose
234.481 295.520 46.4526 8.7472 derivatives,
285.730 295.520 55.4747 8.7472 homogeneous
345.994 295.520 39.5067 8.7472 chemistry

53.8592 307.482 17.7334 8.7472 with
76.3089 307.482 35.5565 8.7472 cellulose
116.616 307.482 34.9588 8.7472 applying
156.300 307.482 29.3498 8.7472 various
190.372 307.482 32.7481 8.7472 solvents
227.789 307.482 41.1645 8.7472 (including
273.596 307.482 27.8853 8.7472 molten
306.138 307.482 20.2141 8.7472 salts,
331.025 307.482 20.1005 8.7472 ionic
355.743 307.482 29.7463 8.7472 liquids,

53.8592 319.445 14.4159 8.7472 and
71.4900 319.445 48.3027 8.7472 water-based
123.023 319.445 34.9319 8.7472 systems)
161.120 319.445 13.8879 8.7472 can
178.241 319.445 19.3972 8.7472 open
200.861 319.445 16.5877 8.7472 new
220.703 319.445 32.2380 8.7472 avenues
256.135 319.445 11.6164 8.7472 for
270.932 319.445 30.5782 8.7472 product
304.720 319.445 26.0323 8.7472 design
333.973 319.445 17.7334 8.7472 with
354.949 319.445 30.4955 8.7472 modern

53.8592 331.407 30.0432 8.7472 organic
86.2875 331.407 41.8927 8.7472 chemistry.
130.621 331.407 6.1170 8.7472 It
139.125 331.407 13.8879 8.7472 can
155.396 331.407 9.4346 8.7472 be
167.187 331.407 35.6482 8.7472 expected
205.228 331.407 15.0336 8.7472 that
222.633 331.407 55.5395 8.7472 homogeneous
280.517 331.407 22.7048 8.7472 phase
305.632 331.407 39.5007 8.7472 chemistry
347.526 331.407 15.5516 8.7472 will
365.441 331.407 20.0049 8.7472 enter

53.8592 343.312 12.2341 8.7472 the
69.4497 343.312 36.2788 8.7472 technical
109.076 343.312 19.9949 8.7472 scale
132.434 343.312 7.7808 8.7472 in
143.602 343.312 12.2341 8.7472 the
159.192 343.312 26.3411 8.7472 future.
188.899 343.312 14.9339 8.7472 Not
207.210 343.312 17.7434 8.7472 only
228.300 343.312 36.2788 8.7472 chemical
267.927 343.312 50.5971 8.7472 modiﬁcation
321.898 343.312 8.2988 8.7472 of
333.520 343.312 12.2341 8.7472 the
349.110 343.312 20.2340 8.7472 bulk,
372.694 343.312 12.7621 8.7472 but

53.8592 355.274 16.0697 8.7472 also
72.6248 355.274 28.8118 8.7472 surface
104.145 355.274 50.5971 8.7472 modiﬁcation
157.435 355.274 18.0423 8.7472 (i.e.,
178.127 355.274 34.4138 8.7472 products
215.203 355.274 17.7334 8.7472 with
235.612 355.274 14.9339 8.7472 low
253.244 355.274 15.9700 8.7472 DS)
271.839 355.274 13.8879 8.7472 can
288.450 355.274 30.4955 8.7472 provide
321.615 355.274 38.9926 8.7472 important
363.283 355.274 22.1967 8.7472 novel

53.8592 367.236 39.2855 8.7472 materials.
96.7751 367.236 17.2054 8.7472 Last
117.581 367.236 12.7621 8.7472 but
133.965 367.236 12.7621 8.7472 not
150.350 367.236 20.8318 8.7472 least,
174.841 367.236 8.2889 8.7472 as
186.746 367.236 38.2594 8.7472 discussed
228.585 367.236 7.7808 8.7472 in
239.980 367.236 14.4159 8.7472 this
258.008 367.236 27.1580 8.7472 review
288.849 367.236 24.7710 8.7472 paper,
317.195 367.236 41.6746 8.7472 depending
362.492 367.236 9.9626 8.7472 on
376.041 367.236 9.4346 8.7472 its

53.8592 379.198 22.7147 8.7472 nano-
79.0307 379.198 14.4159 8.7472 and
95.8685 379.198 63.3591 8.7472 microstructured
161.688 379.198 53.7203 8.7472 architectures,
217.812 379.198 33.9894 8.7472 versatile
254.209 379.198 57.3198 8.7472 characteristics
313.961 379.198 8.2988 8.7472 of
324.676 379.198 12.2341 8.7472 the
339.359 379.198 46.0571 8.7472 biopolymer

53.8592 391.160 35.5565 8.7472 cellulose
94.2237 391.160 13.8879 8.7472 can
112.818 391.160 9.4346 8.7472 be
126.991 391.160 35.5565 8.7472 achieved
167.299 391.160 14.4159 8.7472 and
186.461 391.160 39.3931 8.7472 addressed
230.567 391.160 7.7808 8.7472 to
243.040 391.160 4.4533 8.7472 a
252.167 391.160 30.5882 8.7472 speciﬁc
287.430 391.160 35.8674 8.7472 function.
328.022 391.160 57.4533 8.7472 Consequently,

53.8592 403.122 35.5565 8.7472 cellulose
93.1467 403.122 6.6351 8.7472 is
103.465 403.122 4.4533 8.7472 a
111.571 403.122 40.4581 8.7472 promising
155.734 403.122 14.4159 8.7472 and
173.819 403.122 30.5712 8.7472 broadly
208.062 403.122 41.1555 8.7472 applicable
252.962 403.122 32.9593 8.7472 material
289.528 403.122 12.7621 8.7472 not
305.968 403.122 17.7434 8.7472 only
327.398 403.122 11.6064 8.7472 (as
342.648 403.122 42.8153 8.7472 commonly

53.8592 415.085 30.4656 8.7472 known)
87.0247 415.085 7.7808 8.7472 in
97.5123 415.085 12.2341 8.7472 the
112.422 415.085 22.1867 8.7472 paper
137.366 415.085 14.4159 8.7472 and
154.487 415.085 25.1675 8.7472 textile
182.379 415.085 38.8711 8.7472 industries
223.934 415.085 12.7621 8.7472 but
239.411 415.085 16.0697 8.7472 also
258.177 415.085 11.6164 8.7472 for
272.520 415.085 31.7966 8.7472 medical
307.045 415.085 14.4159 8.7472 and
324.166 415.085 61.2650 8.7472 pharmaceutical

53.8592 427.047 32.4482 8.7472 devices,
88.6117 427.047 27.2537 8.7472 among
118.092 427.047 26.9349 8.7472 others.
147.288 427.047 15.5516 8.7472 The
165.089 427.047 48.3943 8.7472 applications
215.772 427.047 8.2988 8.7472 of
226.316 427.047 22.7147 8.7472 nano-
251.317 427.047 14.4159 8.7472 and
268.042 427.047 63.3701 8.7472 microstructured
333.690 427.047 35.5565 8.7472 cellulose
371.560 427.047 13.8879 8.7472 can

53.8592 438.952 27.1680 8.7472 further
83.9064 438.952 9.4346 8.7472 be
96.1524 438.952 41.5839 8.7472 broadened
140.598 438.952 10.0274 8.7472 by
153.411 438.952 36.1742 8.7472 chemical
192.471 438.952 14.4159 8.7472 and
209.706 438.952 33.3628 8.7472 physical
245.876 438.952 28.8118 8.7472 surface
277.567 438.952 44.2559 8.7472 treatments.

65.8213 450.914 39.0863 8.7472 However,
109.643 450.914 20.1005 8.7472 there
134.475 450.914 6.6351 8.7472 is
145.927 450.914 15.0336 8.7472 still
165.770 450.914 4.4533 8.7472 a
174.954 450.914 18.9339 8.7472 need
198.652 450.914 11.6164 8.7472 for
215.092 450.914 33.2651 8.7472 research
253.189 450.914 14.4159 8.7472 and
272.408 450.914 51.7467 8.7472 development
328.987 450.914 43.9580 8.7472 investment
377.685 450.914 7.7808 8.7472 in

53.8592 462.876 29.4295 8.7472 science
85.8900 462.876 14.4159 8.7472 and
102.898 462.876 47.2875 8.7472 engineering
152.730 462.876 7.7808 8.7472 to
163.048 462.876 32.2320 8.7472 produce
197.799 462.876 37.8370 8.7472 advanced
238.164 462.876 14.4159 8.7472 and
255.172 462.876 66.7604 8.7472 cost-competitive
324.563 462.876 35.5565 8.7472 cellulose
362.716 462.876 22.7147 8.7472 nano-

53.8592 474.838 19.9949 8.7472 scale
78.0663 474.838 36.9045 8.7472 products.
119.168 474.838 6.1170 8.7472 It
129.486 474.838 6.6351 8.7472 is
140.257 474.838 38.8292 8.7472 necessary
183.344 474.838 7.7808 8.7472 to
195.306 474.838 24.9962 8.7472 obtain
224.502 474.838 4.4533 8.7472 a
233.177 474.838 22.8044 8.7472 better
260.219 474.838 56.6264 8.7472 understanding
321.050 474.838 8.2988 8.7472 of
333.522 474.838 12.2341 8.7472 the
349.963 474.838 35.4669 8.7472 adhesion

53.8592 486.800 46.7575 8.7472 interactions
105.789 486.800 29.3598 8.7472 beyond
140.314 486.800 37.7244 8.7472 hydrogen
183.231 486.800 35.1779 8.7472 bonding,
223.596 486.800 37.7583 8.7472 including
266.568 486.800 45.7214 8.7472 mechanical
317.478 486.800 48.4212 8.7472 interlocking
371.052 486.800 14.4159 8.7472 and

53.8592 498.762 63.5365 8.7472 interpenetrating
120.301 498.762 39.0863 8.7472 networks,
162.310 498.762 9.9626 8.7472 on
175.178 498.762 4.4533 8.7472 a
182.549 498.762 50.0581 8.7472 fundamental
235.612 498.762 19.4868 8.7472 level
258.062 498.762 7.7808 8.7472 to
268.777 498.762 33.2950 8.7472 improve
305.060 498.762 12.2341 8.7472 the
320.197 498.762 40.7281 8.7472 interfacial
363.906 498.762 21.5790 8.7472 prop-

53.8592 510.725 21.6587 8.7472 erties
78.4070 510.725 8.2988 8.7472 of
89.4625 510.725 35.6422 8.7472 cellulose
127.956 510.725 41.1545 8.7472 composite
171.892 510.725 39.2825 8.7472 materials.

65.8213 522.687 21.5790 8.7472 From
90.5963 522.687 12.2341 8.7472 the
106.016 522.687 32.6355 8.7472 author’s
141.845 522.687 20.5429 8.7472 point
165.599 522.687 8.2988 8.7472 of
177.108 522.687 21.8779 8.7472 view,
202.166 522.687 35.6422 8.7472 cellulose
241.000 522.687 14.4159 8.7472 and
258.631 522.687 20.5329 8.7472 other
282.385 522.687 63.8573 8.7472 polysaccharides
349.508 522.687 14.4159 8.7472 and
367.083 522.687 18.3511 8.7472 their

53.8592 534.592 43.9620 8.7472 derivatives
100.460 534.592 34.4307 8.7472 obtained
137.537 534.592 9.9626 8.7472 by
150.122 534.592 35.8534 8.7472 physical,
188.617 534.592 42.6290 8.7472 biological,
233.801 534.592 14.4159 8.7472 and
250.865 534.592 36.2788 8.7472 chemical
289.756 534.592 38.2474 8.7472 processes
330.631 534.592 14.4159 8.7472 and
347.639 534.592 37.8240 8.7472 combina-

53.8592 546.554 19.3972 8.7472 tions
76.0828 546.554 28.3037 8.7472 thereof
107.263 546.554 18.8692 8.7472 have
128.977 546.554 4.4533 8.7472 a
136.234 546.554 23.8604 8.7472 bright
162.935 546.554 26.3411 8.7472 future.

53.8582 571.403 69.9812 7.5706 Acknowledgements
129.883 571.471 11.0171 7.4351 Dr.
143.999 571.471 28.1991 7.4351 Andreas
175.237 571.471 33.9236 7.4351 Koschella
212.257 571.471 5.6398 7.4351 is
220.988 571.471 34.9144 7.4351 thankfully
258.972 571.471 49.0055 7.4351 acknowledged
311.073 571.471 9.8739 7.4351 for
323.998 571.471 9.8739 7.4351 his
336.981 571.471 22.1189 7.4351 efforts
362.153 571.471 6.6137 7.4351 in
371.847 571.471 13.6592 7.4351 pre-

53.8582 581.449 21.6871 7.4351 paring
77.9528 581.449 10.3989 7.4351 the
90.7084 581.449 39.8429 7.4351 manuscript.

53.8582 36.9722 34.4571 7.4351 Cellulose:
90.7084 36.9722 31.1122 7.4351 Structure
124.213 36.9722 12.2535 7.4351 and
138.897 36.9722 34.3724 7.4351 Properties

377.064 36.9722 8.4682 7.4351 43

53.8582 62.4597 55.8303 10.6879 References

62.3055 90.7724 6.3511 7.4351 1.
71.0362 90.7724 25.4723 7.4351 Klemm
98.7027 90.7724 8.1972 7.4351 D,
109.077 90.7724 31.1122 7.4351 Heublein
142.356 90.7724 7.7569 7.4351 B,
152.334 90.7724 15.5222 7.4351 Fink
170.022 90.7724 13.5745 7.4351 H-P
185.783 90.7724 6.1648 7.4351 et
194.117 90.7724 6.1648 7.4351 al
202.450 90.7724 22.5762 7.4351 (2005)
227.225 90.7724 34.4571 7.4351 Cellulose:
263.849 90.7724 37.2770 7.4351 fascinating
303.364 90.7724 39.1485 7.4351 biopolymer
344.693 90.7724 12.2535 7.4351 and
359.150 90.7724 26.3530 7.4351 sustain-

71.0362 100.750 14.1842 7.4351 able
87.5907 100.750 12.6854 7.4351 raw
102.670 100.750 30.0452 7.4351 material.
135.155 100.750 24.4138 7.4351 Angew
161.915 100.750 20.2729 7.4351 Chem
184.592 100.750 9.4336 7.4351 Int
196.384 100.750 9.4336 7.4351 Ed
208.232 100.750 48.9547 7.4351 44:3358–3393

62.3055 110.728 6.3511 7.4351 2.
71.0362 110.728 30.5956 7.4351 Mohanty
106.526 110.728 14.2774 7.4351 AK,
125.745 110.728 19.7394 7.4351 Misra
150.406 110.728 9.6114 7.4351 M,
164.976 110.728 37.1923 7.4351 Hinrichsen
207.099 110.728 6.0802 7.4351 G
218.097 110.728 22.5762 7.4351 (2000)
245.593 110.728 33.1445 7.4351 Bioﬁbres,
283.691 110.728 48.1248 7.4351 biodegradable
336.756 110.728 31.5610 7.4351 polymers
373.267 110.728 12.2535 7.4351 and

71.0362 120.649 51.1310 7.4351 biocomposites.
124.554 120.649 10.3143 7.4351 An
137.253 120.649 33.6696 7.4351 overview.
173.310 120.649 35.3463 7.4351 Macromol
211.067 120.649 20.2644 7.4351 Mater
233.744 120.649 13.6677 7.4351 Eng
249.788 120.649 50.3604 7.4351 276(277):1–24

62.3055 130.628 6.3511 7.4351 3.
71.0362 130.628 24.0497 7.4351 Heinze
98.0786 130.628 7.3165 7.4351 T,
108.397 130.628 24.5832 7.4351 Liebert
136.006 130.628 5.1995 7.4351 T
144.170 130.628 22.5762 7.4351 (2012)
169.739 130.628 35.3378 7.4351 Celluloses
208.063 130.628 12.2535 7.4351 and
223.313 130.628 84.6143 7.4351 polyoses/hemicelluloses.
311.018 130.628 9.4336 7.4351 In:
323.434 130.628 50.8431 7.4351 Matyjaszewski
377.292 130.628 8.1972 7.4351 K,

71.0362 140.606 11.7174 7.4351 M€
78.5196 140.606 15.5984 7.4351 oller
96.7177 140.606 7.4944 7.4351 M
106.809 140.606 16.9195 7.4351 (eds)
126.368 140.606 28.7411 7.4351 Polymer
157.719 140.606 27.3946 7.4351 science:
187.767 140.606 3.7853 7.4351 a
194.116 140.606 51.3850 7.4351 comprehensive
248.145 140.606 33.7373 7.4351 reference,
284.542 140.606 10.8478 7.4351 vol
297.978 140.606 10.5852 7.4351 10.
311.188 140.606 29.9605 7.4351 Elsevier,
343.786 140.606 41.6889 7.4351 Amsterdam,

71.0362 150.584 8.4682 7.4351 pp
81.8645 150.584 25.4046 7.4351 83–152

62.3055 160.505 6.3511 7.4351 4.
71.0362 160.505 20.7132 7.4351 Payen
94.1104 160.505 6.0802 7.4351 A
102.557 160.505 22.5762 7.4351 (1839)
127.558 160.505 43.8229 7.4351 Composition
173.763 160.505 8.0194 7.4351 de
184.138 160.505 6.1648 7.4351 la
192.698 160.505 18.9434 7.4351 matie
208.403 160.165 9.8934 7.4351 `re
220.649 160.505 30.4093 7.4351 ligneuse.
253.474 160.505 30.1468 7.4351 Comptes
286.015 160.505 25.3877 7.4351 Rendus
313.795 160.505 27.7842 7.4351 8:51–53

62.3055 170.483 6.3511 7.4351 5.
71.0362 170.483 23.0166 7.4351 Young
98.0218 170.483 11.7200 7.4351 RA
113.669 170.483 22.5762 7.4351 (1994)
140.258 170.483 41.4349 7.4351 Comparison
185.669 170.483 7.0540 7.4351 of
196.667 170.483 10.3989 7.4351 the
211.068 170.483 33.9321 7.4351 properties
248.995 170.483 7.0540 7.4351 of
259.993 170.483 30.7480 7.4351 chemical
294.746 170.483 30.2230 7.4351 cellulose
328.932 170.483 20.4592 7.4351 pulps.
353.367 170.483 32.0775 7.4351 Cellulose

71.0362 180.461 36.2524 7.4351 1:107–130

62.3055 190.439 6.3511 7.4351 6.
71.0362 190.439 17.4530 7.4351 Sixta
90.8789 190.439 6.0802 7.4351 H
99.3259 190.439 13.6592 7.4351 (ed)
115.369 190.439 22.5762 7.4351 (2006)
140.314 190.439 35.2701 7.4351 Handbook
177.959 190.439 7.0540 7.4351 of
187.426 190.439 17.1989 7.4351 pulp.
206.985 190.439 43.5350 7.4351 Wiley-VCH,
252.963 190.439 35.4309 7.4351 Weinheim

62.3055 200.361 6.3511 7.4351 7.
71.0362 200.361 30.1468 7.4351 Schubert
104.145 200.361 6.7915 7.4351 S,
113.953 200.361 31.1122 7.4351 Schlufter
148.025 200.361 8.1972 7.4351 K,
159.251 200.361 24.0497 7.4351 Heinze
186.293 200.361 5.1995 7.4351 T
194.456 200.361 22.5762 7.4351 (2011)
220.025 200.361 52.4605 7.4351 Conﬁgurations,
275.471 200.361 35.0753 7.4351 structures,
313.568 200.361 12.2535 7.4351 and
328.819 200.361 46.6428 7.4351 morphologies
378.425 200.361 7.0540 7.4351 of

71.0362 210.339 32.3401 7.4351 cellulose.
106.752 210.339 9.4336 7.4351 In:
119.564 210.339 16.9279 7.4351 Popa
139.803 210.339 6.0802 7.4351 V
149.271 210.339 13.6592 7.4351 (ed)
166.278 210.339 54.6368 7.4351 Polysaccharides
224.332 210.339 6.6137 7.4351 in
234.310 210.339 33.5764 7.4351 medicinal
271.274 210.339 12.2535 7.4351 and
286.865 210.339 51.9863 7.4351 pharmaceutical
342.254 210.339 43.1878 7.4351 applications.

71.0362 220.317 34.6434 7.4351 iSmithers,
108.056 220.317 42.4934 7.4351 Shrewsbury,
152.957 220.317 8.4682 7.4351 pp
163.785 220.317 16.9364 7.4351 1–55

62.3055 230.295 6.3511 7.4351 8.
71.0362 230.295 14.5484 7.4351 Hon
88.2707 230.295 19.6547 7.4351 DN-S
110.608 230.295 22.5762 7.4351 (1996)
135.893 230.295 32.0775 7.4351 Cellulose
170.702 230.295 12.2535 7.4351 and
185.669 230.295 8.0194 7.4351 its
196.384 230.295 39.6566 7.4351 derivatives:
238.733 230.295 35.1507 7.4351 structures,
276.548 230.295 32.7804 7.4351 reactions,
312.095 230.295 12.2535 7.4351 and
327.005 230.295 26.9627 7.4351 medical
356.712 230.295 16.6569 7.4351 uses.
376.044 230.295 9.4336 7.4351 In:

71.0362 240.216 31.1206 7.4351 Dumitriu
106.866 240.216 4.6744 7.4351 S
116.220 240.216 13.6592 7.4351 (ed)
134.531 240.216 54.6368 7.4351 Polysaccharides
193.946 240.216 6.6137 7.4351 in
205.228 240.216 26.9627 7.4351 medical
236.919 240.216 43.1878 7.4351 applications.
284.825 240.216 24.0497 7.4351 Marcel
313.568 240.216 27.0559 7.4351 Dekker,
345.373 240.216 15.9456 7.4351 New
366.009 240.216 19.4853 7.4351 York,

71.0362 250.194 8.4682 7.4351 pp
81.8645 250.194 25.4046 7.4351 87–105

62.3055 260.172 6.3511 7.4351 9.
71.0362 260.172 31.1206 7.4351 Eichhorn
105.279 260.172 10.0518 7.4351 SJ,
118.488 260.172 22.7286 7.4351 Baillie
144.340 260.172 13.8370 7.4351 CA,
161.347 260.172 47.5998 7.4351 Zafeiropoulos
212.088 260.172 6.0802 7.4351 N
221.273 260.172 6.1648 7.4351 et
230.570 260.172 6.1648 7.4351 al
239.867 260.172 22.5762 7.4351 (2001)
265.605 260.172 25.9127 7.4351 Current
294.632 260.172 43.0896 7.4351 international
340.836 260.172 28.2753 7.4351 research
372.300 260.172 13.2273 7.4351 into

71.0362 270.094 32.6026 7.4351 cellulosic
106.015 270.094 18.7740 7.4351 ﬁbers
127.219 270.094 12.2535 7.4351 and
141.846 270.094 40.2832 7.4351 composites.
184.536 270.094 3.2603 7.4351 J
190.149 270.094 20.2644 7.4351 Mater
212.826 270.094 10.8393 7.4351 Sci
226.035 270.094 48.9547 7.4351 36:2107–2131

58.1104 280.072 10.5852 7.4351 10.
71.0362 280.072 39.1316 7.4351 Vandamme
113.726 280.072 10.5768 7.4351 EJ,
127.785 280.072 9.8655 7.4351 De
141.165 280.072 18.8502 7.4351 Baets
163.559 280.072 6.7915 7.4351 S,
173.878 280.072 36.3032 7.4351 Vanbaelen
213.733 280.072 6.0802 7.4351 A
223.314 280.072 6.1648 7.4351 et
233.009 280.072 6.1648 7.4351 al
242.703 280.072 22.5762 7.4351 (1998)
268.782 280.072 32.9752 7.4351 Improved
305.292 280.072 36.7689 7.4351 production
345.544 280.072 7.0540 7.4351 of
356.146 280.072 29.3338 7.4351 bacterial

71.0362 290.050 30.2230 7.4351 cellulose
103.634 290.050 12.2535 7.4351 and
118.261 290.050 8.0194 7.4351 its
128.692 290.050 37.8105 7.4351 application
168.888 290.050 31.9082 7.4351 potential.
203.187 290.050 22.1359 7.4351 Polym
227.736 290.050 24.9388 7.4351 Degrad
255.062 290.050 15.0734 7.4351 Stab
272.523 290.050 32.0183 7.4351 59:93–99

58.1104 300.028 10.5852 7.4351 11.
71.0362 300.028 18.7740 7.4351 Jonas
92.2965 300.028 7.7569 7.4351 R,
102.501 300.028 19.2990 7.4351 Farah
124.328 300.028 9.8739 7.4351 LF
136.630 300.028 22.5762 7.4351 (1998)
161.689 300.028 37.2093 7.4351 Production
201.431 300.028 12.2535 7.4351 and
216.115 300.028 37.8105 7.4351 application
256.423 300.028 7.0540 7.4351 of
265.947 300.028 32.6110 7.4351 microbial
301.097 300.028 32.3401 7.4351 cellulose.
335.907 300.028 22.1359 7.4351 Polym
360.568 300.028 24.9388 7.4351 Degrad

71.0362 309.949 15.0734 7.4351 Stab
88.4976 309.949 40.4865 7.4351 59:101–106

58.1104 319.927 10.5852 7.4351 12.
71.0362 319.927 13.6592 7.4351 Rao
86.4001 319.927 18.5115 7.4351 VSR,
106.639 319.927 44.7714 7.4351 Sundararajan
153.183 319.927 12.4313 7.4351 PR,
167.300 319.927 49.0055 7.4351 Ramakrishnan
218.097 319.927 5.6398 7.4351 C
225.467 319.927 6.1648 7.4351 et
233.347 319.927 6.1648 7.4351 al
241.228 319.927 22.5762 7.4351 (1967)
265.493 319.927 53.7731 7.4351 Conformational
321.052 319.927 23.5331 7.4351 studies
346.280 319.927 7.0540 7.4351 of
355.068 319.927 30.4093 7.4351 amylose.

71.0362 329.905 9.4336 7.4351 In:
85.1527 329.905 50.9362 7.4351 Ramachandran
140.768 329.905 12.1603 7.4351 GN
157.606 329.905 13.6592 7.4351 (ed)
175.975 329.905 47.6082 7.4351 Conformation
228.245 329.905 7.0540 7.4351 of
239.981 329.905 44.5258 7.4351 biopolymers,
289.190 329.905 10.8478 7.4351 vol
304.724 329.905 6.3511 7.4351 2.
315.723 329.905 36.5657 7.4351 Academic,
356.995 329.905 28.4870 7.4351 London,

71.0362 339.884 8.4682 7.4351 pp
81.8645 339.884 29.6387 7.4351 721–737

58.1104 349.805 10.5852 7.4351 13.
71.0362 349.805 12.6854 7.4351 Kra
80.4469 349.635 16.4224 7.4351 ¨ssig
100.516 349.805 12.1603 7.4351 HA
116.390 349.805 22.5762 7.4351 (1993)
142.639 349.805 34.4571 7.4351 Cellulose:
180.793 349.805 31.8150 7.4351 structure,
216.283 349.805 42.0277 7.4351 accessibility
262.034 349.805 12.2535 7.4351 and
277.965 349.805 34.2793 7.4351 reactivity.
315.949 349.805 25.8365 7.4351 Gordon
345.486 349.805 12.2535 7.4351 and
361.416 349.805 24.0497 7.4351 Breach

71.0362 359.783 28.5463 7.4351 Science,
101.990 359.783 29.6218 7.4351 Yverdon

58.1104 369.761 10.5852 7.4351 14.
71.0362 369.761 18.8502 7.4351 Perez
92.9765 369.761 6.7915 7.4351 S,
102.897 369.761 26.8696 7.4351 Mazeau
132.888 369.761 6.0802 7.4351 K
142.073 369.761 22.5762 7.4351 (2005)
167.755 369.761 52.9855 7.4351 Conformations,
223.882 369.761 35.0753 7.4351 structures,
262.093 369.761 12.2535 7.4351 and
277.400 369.761 46.6428 7.4351 morphologies
327.177 369.761 7.0540 7.4351 of
337.325 369.761 35.6003 7.4351 celluloses.
376.047 369.761 9.4336 7.4351 In:

71.0362 379.682 31.1206 7.4351 Dumitriu
106.526 379.682 4.6744 7.4351 S
115.540 379.682 13.6592 7.4351 (ed)
133.512 379.682 57.0164 7.4351 Polysaccharides:
194.968 379.682 32.0775 7.4351 structural
231.422 379.682 29.7064 7.4351 diversity
265.494 379.682 12.2535 7.4351 and
282.049 379.682 34.4656 7.4351 functional
320.883 379.682 36.1338 7.4351 versatility.
361.419 379.682 24.0497 7.4351 Marcel

71.0362 389.660 27.0559 7.4351 Dekker,
100.459 389.660 15.9456 7.4351 New
118.828 389.660 19.4853 7.4351 York,
140.711 389.660 8.4682 7.4351 pp
151.540 389.660 21.1705 7.4351 41–68

58.1104 399.639 10.5852 7.4351 15.
71.0362 399.639 23.0166 7.4351 Kondo
98.5325 399.639 5.1995 7.4351 T
108.170 399.639 22.5762 7.4351 (1997)
135.212 399.639 13.2189 7.4351 The
152.900 399.639 40.1054 7.4351 relationship
197.518 399.639 28.2838 7.4351 between
230.286 399.639 49.6152 7.4351 intramolecular
284.428 399.639 32.0098 7.4351 hydrogen
320.938 399.639 20.1967 7.4351 bonds
345.599 399.639 12.2535 7.4351 and
362.324 399.639 23.1690 7.4351 certain

71.0362 409.617 28.2923 7.4351 physical
103.577 409.617 33.9321 7.4351 properties
141.788 409.617 7.0540 7.4351 of
153.071 409.617 53.8408 7.4351 regioselectively
211.238 409.617 36.7605 7.4351 substituted
252.227 409.617 30.2230 7.4351 cellulose
286.753 409.617 39.3941 7.4351 derivatives.
330.407 409.617 3.2603 7.4351 J
337.947 409.617 22.1359 7.4351 Polym
364.309 409.617 10.8393 7.4351 Sci
379.389 409.617 6.0802 7.4351 A

71.0362 419.538 22.1359 7.4351 Polym
95.5279 419.538 20.2729 7.4351 Chem
118.204 419.538 40.4865 7.4351 35:717–723

58.1104 429.516 10.5852 7.4351 16.
71.0362 429.516 19.8325 7.4351 Liang
96.5484 429.516 13.8370 7.4351 CY,
116.050 429.516 45.2033 7.4351 Marchessault
166.960 429.516 11.7200 7.4351 RH
184.308 429.516 22.5762 7.4351 (1959)
212.541 429.516 27.3184 7.4351 Infrared
245.537 429.516 24.0497 7.4351 spectra
275.301 429.516 7.0540 7.4351 of
288.000 429.516 35.4225 7.4351 crystalline
329.102 429.516 56.3135 7.4351 polysaccharides.

71.0362 439.494 4.9370 7.4351 I.
78.3494 439.494 33.8559 7.4351 Hydrogen
114.576 439.494 20.1967 7.4351 bonds
137.139 439.494 6.6137 7.4351 in
146.154 439.494 20.7979 7.4351 native
169.341 439.494 35.6003 7.4351 celluloses.
207.326 439.494 3.2603 7.4351 J
212.995 439.494 22.1359 7.4351 Polym
237.487 439.494 10.8393 7.4351 Sci
250.753 439.494 40.4865 7.4351 37:385–395

58.1104 449.472 10.5852 7.4351 17.
71.0362 449.472 26.4377 7.4351 Michell
100.062 449.472 9.3404 7.4351 AJ
111.911 449.472 22.5762 7.4351 (1988)
137.083 449.472 24.9473 7.4351 Second
164.579 449.472 34.0168 7.4351 derivative
201.202 449.472 18.3337 7.4351 FTIR
222.122 449.472 24.0497 7.4351 spectra
248.711 449.472 7.0540 7.4351 of
258.349 449.472 33.4833 7.4351 celluloses
294.406 449.472 2.8199 7.4351 I
299.791 449.472 12.2535 7.4351 and
314.588 449.472 5.6398 7.4351 II
322.808 449.472 12.2535 7.4351 and
337.605 449.472 23.1690 7.4351 related
363.343 449.472 22.1359 7.4351 mono-

71.0362 459.394 12.2535 7.4351 and
85.6633 459.394 58.6931 7.4351 oligosaccharides.
146.778 459.394 36.2354 7.4351 Carbohydr
185.443 459.394 12.6854 7.4351 Res
200.466 459.394 44.7206 7.4351 173:185–195

58.1104 469.372 10.5852 7.4351 18.
71.0362 469.372 26.8781 7.4351 Kamide
100.516 469.372 8.1972 7.4351 K,
111.288 469.372 29.2576 7.4351 Okajima
143.149 469.372 8.1972 7.4351 K,
153.921 469.372 31.5339 7.4351 Kowsaka
188.050 469.372 6.0802 7.4351 K
196.667 469.372 6.1648 7.4351 et
205.455 469.372 6.1648 7.4351 al
214.186 469.372 22.5762 7.4351 (1985)
239.357 469.372 35.6172 7.4351 CP/MASS
277.568 469.372 86.9184 7.4351 (cross-polarization/magic
367.087 469.372 18.4183 7.4351 angle

71.0362 479.350 24.0582 7.4351 sample
97.2284 479.350 32.0098 7.4351 spinning]
131.357 479.350 34.3809 7.4351 carbon-13
167.868 479.350 19.2143 7.4351 NMR
189.184 479.350 24.0497 7.4351 spectra
215.376 479.350 7.0540 7.4351 of
224.561 479.350 30.2230 7.4351 cellulose
256.932 479.350 22.1274 7.4351 solids:
281.197 479.350 8.0194 7.4351 an
291.345 479.350 39.6650 7.4351 explanation
333.128 479.350 8.4682 7.4351 by
343.730 479.350 10.3989 7.4351 the
356.202 479.350 29.2661 7.4351 intramo-

71.0362 489.271 23.1690 7.4351 lecular
96.6051 489.271 32.0098 7.4351 hydrogen
131.018 489.271 16.9364 7.4351 bond
150.293 489.271 28.5548 7.4351 concept.
181.248 489.271 22.1359 7.4351 Polym
205.796 489.271 3.2603 7.4351 J
211.409 489.271 40.4865 7.4351 17:701–706

58.1104 499.249 10.5852 7.4351 19.
71.0362 499.249 27.7588 7.4351 Gardner
101.196 499.249 14.2774 7.4351 KH,
117.864 499.249 34.4486 7.4351 Blackwell
154.714 499.249 3.2603 7.4351 J
160.327 499.249 22.5762 7.4351 (1974)
185.329 499.249 31.1122 7.4351 Structure
218.834 499.249 7.0540 7.4351 of
228.245 499.249 20.7979 7.4351 native
251.432 499.249 32.3401 7.4351 cellulose.
286.185 499.249 43.8145 7.4351 Biopolymers
332.390 499.249 48.9547 7.4351 13:1975–2001

58.1104 509.227 10.5852 7.4351 20.
71.0362 509.227 36.7520 7.4351 Nishiyama
109.757 509.227 8.1972 7.4351 Y,
119.906 509.227 25.4723 7.4351 Langan
147.345 509.227 6.7915 7.4351 P,
156.076 509.227 25.9127 7.4351 Chanzy
183.913 509.227 6.0802 7.4351 H
191.963 509.227 22.5762 7.4351 (2002)
216.512 509.227 24.4985 7.4351 Crystal
242.931 509.227 29.6980 7.4351 structure
274.622 509.227 12.2535 7.4351 and
288.852 509.227 62.6139 7.4351 hydrogen-bonding
353.426 509.227 23.5331 7.4351 system
378.881 509.227 6.6137 7.4351 in

71.0362 519.205 30.2230 7.4351 cellulose
106.413 519.205 6.9753 7.4351 Iβ
118.544 519.205 16.4876 7.4351 from
140.144 519.205 40.4695 7.4351 synchrotron
185.782 519.205 17.8933 7.4351 x-ray
208.856 519.205 12.2535 7.4351 and
226.204 519.205 25.9212 7.4351 neutron
257.272 519.205 15.5137 7.4351 ﬁber
277.965 519.205 37.9883 7.4351 diffraction.
321.108 519.205 3.2603 7.4351 J
329.499 519.205 12.6938 7.4351 Am
347.357 519.205 20.2729 7.4351 Chem
372.813 519.205 12.6938 7.4351 Soc

71.0362 529.127 53.1888 7.4351 124:9074–9082

58.1104 539.105 10.5852 7.4351 21.
71.0362 539.105 23.0166 7.4351 Kondo
97.8516 539.105 5.1995 7.4351 T
106.809 539.105 22.5762 7.4351 (2005)
133.228 539.105 33.8559 7.4351 Hydrogen
170.872 539.105 20.1967 7.4351 bonds
194.854 539.105 6.6137 7.4351 in
205.285 539.105 30.2230 7.4351 cellulose
239.301 539.105 12.2535 7.4351 and
255.401 539.105 30.2230 7.4351 cellulose
289.417 539.105 39.3941 7.4351 derivatives.
332.674 539.105 9.4336 7.4351 In:
345.884 539.105 31.1206 7.4351 Dumitriu
380.807 539.105 4.6744 7.4351 S

71.0362 549.083 13.6592 7.4351 (ed)
86.7405 549.083 57.0164 7.4351 Polysaccharides:
145.928 549.083 32.0775 7.4351 structural
180.114 549.083 29.7064 7.4351 diversity
211.919 549.083 12.2535 7.4351 and
226.262 549.083 34.4656 7.4351 functional
262.829 549.083 36.1338 7.4351 versatility,
301.041 549.083 12.7023 7.4351 2nd
315.837 549.083 14.3705 7.4351 edn.
332.278 549.083 24.0497 7.4351 Marcel
358.413 549.083 27.0559 7.4351 Dekker,

71.0362 559.061 15.9456 7.4351 New
89.3479 559.061 19.4853 7.4351 York,
111.231 559.061 8.4682 7.4351 pp
122.059 559.061 21.1705 7.4351 69–98

58.1104 568.982 10.5852 7.4351 22.
71.0362 568.982 25.9127 7.4351 Tashiro
98.7594 568.982 8.1972 7.4351 K,
108.737 568.982 36.2270 7.4351 Kobayashi
146.778 568.982 7.4944 7.4351 M
156.075 568.982 22.5762 7.4351 (1991)
180.453 568.982 38.7674 7.4351 Theoretical
221.046 568.982 35.4309 7.4351 evaluation
258.293 568.982 7.0540 7.4351 of
267.137 568.982 61.3436 7.4351 three-dimensional
330.350 568.982 21.7548 7.4351 elastic
353.934 568.982 31.5525 7.4351 constants

71.0362 578.960 7.0540 7.4351 of
80.4469 578.960 20.7979 7.4351 native
103.634 578.960 12.2535 7.4351 and
118.261 578.960 39.6481 7.4351 regenerated
160.328 578.960 35.8628 7.4351 celluloses:
198.652 578.960 13.2189 7.4351 role
214.243 578.960 7.0540 7.4351 of
223.654 578.960 32.0098 7.4351 hydrogen
258.067 578.960 22.3137 7.4351 bonds.
282.728 578.960 28.7411 7.4351 Polymer
313.909 578.960 48.9547 7.4351 32:1516–1526

53.8585 36.8646 8.4682 7.4351 44

351.722 36.8646 7.3165 7.4351 T.
361.416 36.8646 24.0497 7.4351 Heinze

58.1102 62.3692 10.5852 7.4351 23.
71.0361 62.3692 19.7478 7.4351 Sarko
94.8469 62.3692 8.1972 7.4351 A,
107.092 62.3692 24.9558 7.4351 Muggli
136.119 62.3692 5.6398 7.4351 R
145.870 62.3692 22.5762 7.4351 (1947)
172.516 62.3692 27.3269 7.4351 Packing
203.924 62.3692 27.3184 7.4351 analysis
235.331 62.3692 7.0540 7.4351 of
246.443 62.3692 47.5913 7.4351 carbohydrates
298.148 62.3692 12.2535 7.4351 and
314.475 62.3692 56.3135 7.4351 polysaccharides.
374.910 62.3692 10.5768 7.4351 III.

71.0361 72.3473 26.8781 7.4351 Valonia
100.289 72.3473 30.2230 7.4351 cellulose
132.944 72.3473 12.2535 7.4351 and
147.571 72.3473 30.2230 7.4351 cellulose
180.226 72.3473 7.7569 7.4351 II.
190.318 72.3473 56.5760 7.4351 Macromolecules
249.335 72.3473 36.2524 7.4351 7:486–494

58.1102 82.3254 10.5852 7.4351 24.
71.0361 82.3254 20.7894 7.4351 Atalla
94.4506 82.3254 13.8370 7.4351 RH,
110.948 82.3254 40.0038 7.4351 VanderHart
153.638 82.3254 11.2796 7.4351 DL
167.584 82.3254 22.5762 7.4351 (1984)
192.756 82.3254 22.6440 7.4351 Native
218.098 82.3254 32.6026 7.4351 cellulose:
253.361 82.3254 3.7853 7.4351 a
259.767 82.3254 34.9059 7.4351 composite
297.355 82.3254 7.0540 7.4351 of
307.049 82.3254 12.6938 7.4351 two
322.357 82.3254 25.0320 7.4351 distinct
350.023 82.3254 35.4225 7.4351 crystalline

71.0361 92.3035 21.8649 7.4351 forms.
95.3008 92.3035 26.4293 7.4351 Science
124.101 92.3035 44.7206 7.4351 223:283–285

58.1102 102.224 10.5852 7.4351 25.
71.0361 102.224 20.7132 7.4351 Isogai
95.4143 102.224 8.1972 7.4351 A,
107.263 102.224 21.5939 7.4351 Usuda
132.548 102.224 9.6114 7.4351 M,
145.871 102.224 16.4791 7.4351 Kato
165.997 102.224 5.1995 7.4351 T
174.898 102.224 6.1648 7.4351 et
184.706 102.224 6.1648 7.4351 al
194.571 102.224 22.5762 7.4351 (1989)
220.819 102.224 36.3116 7.4351 Solid-state
260.844 102.224 30.9428 7.4351 CP/MAS
295.484 102.224 34.3809 7.4351 carbon-13
333.524 102.224 19.2143 7.4351 NMR
356.428 102.224 18.3421 7.4351 study
378.425 102.224 7.0540 7.4351 of

71.0361 112.202 30.2230 7.4351 cellulose
103.634 112.202 42.5950 7.4351 polymorphs.
148.648 112.202 56.5760 7.4351 Macromolecules
207.666 112.202 48.9547 7.4351 22:3168–3172

58.1102 122.181 10.5852 7.4351 26.
71.0361 122.181 41.0708 7.4351 Zugenmaier
114.349 122.181 4.6744 7.4351 P
121.322 122.181 22.5762 7.4351 (2001)
146.097 122.181 47.6082 7.4351 Conformation
195.986 122.181 12.2535 7.4351 and
210.500 122.181 26.8865 7.4351 packing
239.640 122.181 7.0540 7.4351 of
248.994 122.181 24.9473 7.4351 various
276.150 122.181 35.4225 7.4351 crystalline
313.907 122.181 30.2230 7.4351 cellulose
346.392 122.181 20.8910 7.4351 ﬁbers.
369.523 122.181 15.9626 7.4351 Prog

71.0361 132.102 22.1359 7.4351 Polym
95.5278 132.102 10.8393 7.4351 Sci
108.737 132.102 48.9547 7.4351 26:1341–1417

58.1102 142.080 10.5852 7.4351 27.
71.0361 142.080 25.4723 7.4351 Langan
98.4756 142.080 6.7915 7.4351 P,
107.263 142.080 36.7520 7.4351 Nishiyama
146.041 142.080 8.1972 7.4351 Y,
156.246 142.080 25.9127 7.4351 Chanzy
184.139 142.080 6.0802 7.4351 H
192.247 142.080 22.5762 7.4351 (1999)
216.795 142.080 6.0802 7.4351 A
224.846 142.080 24.4985 7.4351 revised
251.379 142.080 29.6980 7.4351 structure
283.070 142.080 12.2535 7.4351 and
297.357 142.080 62.6139 7.4351 hydrogen-bonding
361.987 142.080 23.5331 7.4351 system

71.0361 152.058 6.6137 7.4351 in
79.9937 152.058 30.2230 7.4351 cellulose
112.648 152.058 5.6398 7.4351 II
120.642 152.058 16.4876 7.4351 from
139.521 152.058 3.7853 7.4351 a
145.701 152.058 25.9212 7.4351 neutron
173.990 152.058 15.5137 7.4351 ﬁber
191.906 152.058 35.8713 7.4351 diffraction
230.173 152.058 29.4355 7.4351 analysis.
262.035 152.058 3.2603 7.4351 J
267.648 152.058 12.6938 7.4351 Am
282.728 152.058 20.2729 7.4351 Chem
305.405 152.058 12.6938 7.4351 Soc
320.485 152.058 53.1888 7.4351 121:9940–9946

58.1102 162.036 10.5852 7.4351 28.
71.0361 162.036 19.8241 7.4351 Wada
92.9763 162.036 9.6114 7.4351 M,
104.654 162.036 18.3337 7.4351 Heux
125.064 162.036 7.3165 7.4351 L,
134.474 162.036 20.7132 7.4351 Isogai
157.321 162.036 6.0802 7.4351 A
165.485 162.036 6.1648 7.4351 et
173.762 162.036 6.1648 7.4351 al
181.982 162.036 22.5762 7.4351 (2001)
206.643 162.036 32.9752 7.4351 Improved
241.736 162.036 32.0775 7.4351 structural
275.922 162.036 14.1842 7.4351 data
292.250 162.036 7.0540 7.4351 of
301.377 162.036 30.2230 7.4351 cellulose
333.692 162.036 11.2796 7.4351 IIII
347.072 162.036 29.6980 7.4351 prepared
378.877 162.036 6.6137 7.4351 in

71.0361 171.957 42.0277 7.4351 supercritical
115.483 171.957 33.7627 7.4351 ammonia.
151.653 171.957 56.5760 7.4351 Macromolecules
210.670 171.957 48.9547 7.4351 34:1237–1243

58.1102 181.936 10.5852 7.4351 29.
71.0361 181.936 30.1383 7.4351 Gardiner
103.011 181.936 11.9910 7.4351 ES,
116.843 181.936 19.7478 7.4351 Sarko
138.443 181.936 6.0802 7.4351 A
146.381 181.936 22.5762 7.4351 (1985)
170.816 181.936 27.3269 7.4351 Packing
200.012 181.936 27.3184 7.4351 analysis
229.152 181.936 7.0540 7.4351 of
238.053 181.936 47.5913 7.4351 carbohydrates
287.546 181.936 12.2535 7.4351 and
301.663 181.936 56.3135 7.4351 polysaccharides.
359.830 181.936 10.5852 7.4351 16.
372.303 181.936 13.2189 7.4351 The

71.0361 191.914 22.6440 7.4351 crystal
96.0943 191.914 32.9582 7.4351 structures
131.414 191.914 7.0540 7.4351 of
140.881 191.914 33.4833 7.4351 celluloses
176.768 191.914 8.9001 7.4351 IV
185.669 195.198 2.1149 4.9562 I
190.148 191.912 12.2535 7.4351 and
204.775 191.912 8.9001 7.4351 IV
213.732 195.198 4.2298 4.9562 II
217.927 191.912 2.1170 7.4351 .
222.406 191.912 13.6592 7.4351 Can
238.450 191.912 3.2603 7.4351 J
244.119 191.912 20.2729 7.4351 Chem
266.796 191.912 40.4865 7.4351 63:173–180

58.1106 201.890 10.5852 7.4351 30.
71.0364 201.890 20.7132 7.4351 Isogai
96.8314 201.890 6.0802 7.4351 A
108.000 201.890 22.5762 7.4351 (1994)
135.666 201.890 40.4695 7.4351 Allomorphs
181.247 201.890 7.0540 7.4351 of
193.379 201.890 30.2230 7.4351 cellulose
228.756 201.890 12.2535 7.4351 and
246.047 201.890 17.4530 7.4351 other
268.611 201.890 56.3135 7.4351 polysaccharides.
330.066 201.890 9.4336 7.4351 In:
344.580 201.890 24.0582 7.4351 Gilbert
373.777 201.890 11.7200 7.4351 RD

71.0364 211.812 13.6592 7.4351 (ed)
87.0803 211.812 34.4571 7.4351 Cellulosic
123.930 211.812 33.9405 7.4351 polymers:
160.270 211.812 22.1274 7.4351 blends
184.762 211.812 12.2535 7.4351 and
199.446 211.812 40.2832 7.4351 composites.
242.136 211.812 26.0821 7.4351 Hanser,
270.596 211.812 28.4786 7.4351 Munich,
301.494 211.812 4.2341 7.4351 p
308.070 211.812 4.2341 7.4351 1

58.1106 221.790 10.5852 7.4351 31.
71.0364 221.790 30.5787 7.4351 Hermans
103.521 221.790 12.8717 7.4351 PH,
118.317 221.790 35.8713 7.4351 Weidinger
156.074 221.790 6.0802 7.4351 A
164.068 221.790 22.5762 7.4351 (1946)
188.560 221.790 57.6261 7.4351 Recrystallization
248.145 221.790 7.0540 7.4351 of
257.046 221.790 37.6496 7.4351 amorphous
296.618 221.790 32.3401 7.4351 cellulose.
330.917 221.790 3.2603 7.4351 J
336.019 221.790 12.6938 7.4351 Am
350.647 221.790 20.2729 7.4351 Chem
372.814 221.790 12.6938 7.4351 Soc

71.0364 231.768 27.7842 7.4351 68:1138

58.1106 241.689 10.5852 7.4351 32.
71.0364 241.689 30.6634 7.4351 Wadehra
103.691 241.689 10.1364 7.4351 IL,
115.767 241.689 25.9127 7.4351 Manley
143.716 241.689 13.5745 7.4351 RSJ
159.250 241.689 22.5762 7.4351 (1965)
183.799 241.689 57.6261 7.4351 Recrystallization
243.440 241.689 7.0540 7.4351 of
252.454 241.689 37.6496 7.4351 amorphous
292.083 241.689 32.3401 7.4351 cellulose.
326.439 241.689 3.2603 7.4351 J
331.655 241.689 16.9279 7.4351 Appl
350.534 241.689 22.1359 7.4351 Polym
374.685 241.689 10.8393 7.4351 Sci

71.0364 251.667 44.7206 7.4351 9:2627–2630

58.1106 261.645 10.5852 7.4351 33.
71.0364 261.645 34.3724 7.4351 Schroeder
108.793 261.645 12.9563 7.4351 LR,
125.121 261.645 25.0235 7.4351 Gentile
153.524 261.645 15.6916 7.4351 VM,
172.573 261.645 20.7894 7.4351 Atalla
196.724 261.645 11.7200 7.4351 RH
211.805 261.645 22.5762 7.4351 (1986)
237.770 261.645 54.2049 7.4351 Nondegradative
295.370 261.645 38.6912 7.4351 preparation
337.436 261.645 7.0540 7.4351 of
347.811 261.645 37.6496 7.4351 amorphous

71.0364 271.623 32.3401 7.4351 cellulose.
105.789 271.623 3.2603 7.4351 J
111.401 271.623 20.7217 7.4351 Wood
134.532 271.623 20.2729 7.4351 Chem
157.152 271.623 27.8519 7.4351 Technol
187.426 271.623 23.5501 7.4351 6:1–14

58.1106 281.545 10.5852 7.4351 34.
71.0364 281.545 20.7894 7.4351 Atalla
95.3012 281.545 13.8370 7.4351 RH,
112.535 281.545 15.5984 7.4351 Ellis
131.584 281.545 11.4575 7.4351 JD,
146.494 281.545 34.3724 7.4351 Schroeder
184.365 281.545 10.8393 7.4351 LR
198.652 281.545 22.5762 7.4351 (1984)
224.617 281.545 19.3075 7.4351 Some
247.407 281.545 22.6355 7.4351 effects
273.486 281.545 7.0540 7.4351 of
283.974 281.545 28.3685 7.4351 elevated
315.836 281.545 43.8822 7.4351 temperatures
363.174 281.545 8.4682 7.4351 on
375.080 281.545 10.3989 7.4351 the

71.0364 291.523 29.6980 7.4351 structure
103.125 291.523 7.0540 7.4351 of
112.535 291.523 30.2230 7.4351 cellulose
145.190 291.523 12.2535 7.4351 and
159.817 291.523 8.0194 7.4351 its
170.192 291.523 52.1819 7.4351 transformation.
224.730 291.523 3.2603 7.4351 J
230.343 291.523 20.7217 7.4351 Wood
253.474 291.523 20.2729 7.4351 Chem
276.151 291.523 27.8519 7.4351 Technol
306.368 291.523 36.2524 7.4351 4:465–482

58.1106 301.501 10.5852 7.4351 35.
71.0364 301.501 8.0194 7.4351 de
81.2982 301.501 20.7132 7.4351 Souza
104.258 301.501 17.9780 7.4351 Lima
124.497 301.501 17.1058 7.4351 MM,
143.829 301.501 24.4985 7.4351 Borsali
170.589 301.501 5.6398 7.4351 R
178.469 301.501 22.5762 7.4351 (2004)
203.301 301.501 26.8865 7.4351 Rodlike
232.441 301.501 30.2230 7.4351 cellulose
264.926 301.501 48.1163 7.4351 microcrystals:
315.326 301.501 31.8150 7.4351 structure,
349.455 301.501 36.0491 7.4351 properties,

71.0364 311.479 12.2535 7.4351 and
85.6635 311.479 43.1878 7.4351 applications.
131.244 311.479 35.3463 7.4351 Macromol
169.001 311.479 20.2729 7.4351 Rapid
191.678 311.479 31.5694 7.4351 Commun
225.637 311.479 40.4865 7.4351 25:771–787

58.1106 321.400 10.5852 7.4351 36.
71.0364 321.400 32.0860 7.4351 Ioelovich
107.320 321.400 9.6114 7.4351 M,
121.039 321.400 24.0666 7.4351 Leykin
149.329 321.400 6.0802 7.4351 A
159.534 321.400 22.5762 7.4351 (2008)
186.292 321.400 32.0775 7.4351 Cellulose
222.576 321.400 7.0455 7.4351 as
233.802 321.400 3.7853 7.4351 a
241.739 321.400 50.4197 7.4351 nanostructured
296.334 321.400 30.6803 7.4351 polymer:
331.200 321.400 3.7853 7.4351 a
339.194 321.400 16.9279 7.4351 short
360.284 321.400 25.2014 7.4351 review.

71.0364 331.378 44.2379 7.4351 Bioresources
117.694 331.378 44.7206 7.4351 3:1403–1418

58.1106 341.356 10.5852 7.4351 37.
71.0364 341.356 22.2036 7.4351 Welch
95.3579 341.356 14.8109 7.4351 LM,
112.308 341.356 35.3293 7.4351 Roseveare
149.783 341.356 15.3359 7.4351 WE,
167.244 341.356 18.3337 7.4351 Mark
187.710 341.356 6.0802 7.4351 H
195.873 341.356 22.5762 7.4351 (1946)
220.591 341.356 27.8519 7.4351 Fibrillar
250.582 341.356 29.6980 7.4351 structure
282.444 341.356 7.0540 7.4351 of
291.572 341.356 19.3075 7.4351 rayon
313.001 341.356 20.8910 7.4351 ﬁbers.
336.019 341.356 11.2881 7.4351 Ind
349.455 341.356 13.6677 7.4351 Eng
365.216 341.356 20.2729 7.4351 Chem

71.0364 351.334 40.4865 7.4351 38:580–582

58.1106 361.256 10.5852 7.4351 38.
71.0364 361.256 22.0427 7.4351 Sisson
97.1151 361.256 14.0996 7.4351 WA
115.313 361.256 22.5762 7.4351 (1940)
141.902 361.256 19.7394 7.4351 X-ray
165.713 361.256 23.5331 7.4351 studies
193.323 361.256 7.0540 7.4351 of
204.435 361.256 33.5679 7.4351 crystallite
242.079 361.256 36.8451 7.4351 orientation
283.012 361.256 6.6137 7.4351 in
293.670 361.256 30.2230 7.4351 cellulose
328.026 361.256 20.8910 7.4351 ﬁbers.
352.971 361.256 10.5768 7.4351 III.
367.598 361.256 17.8933 7.4351 Fiber

71.0364 371.234 32.9582 7.4351 structures
106.413 371.234 16.4876 7.4351 from
125.235 371.234 36.8367 7.4351 coagulated
164.523 371.234 32.3401 7.4351 cellulose.
199.276 371.234 3.2603 7.4351 J
204.889 371.234 16.4029 7.4351 Phys
223.654 371.234 20.2729 7.4351 Chem
246.331 371.234 40.4865 7.4351 44:513–529

58.1106 381.212 10.5852 7.4351 39.
71.0364 381.212 25.4723 7.4351 Klemm
99.1559 381.212 8.1972 7.4351 D,
110.040 381.212 35.7951 7.4351 Schumann
148.535 381.212 8.1972 7.4351 D,
159.420 381.212 27.7672 7.4351 Udhardt
189.864 381.212 6.0802 7.4351 U
198.595 381.212 6.1648 7.4351 et
207.439 381.212 6.1648 7.4351 al
216.283 381.212 22.5762 7.4351 (2001)
241.569 381.212 30.7396 7.4351 Bacterial
275.017 381.212 39.5719 7.4351 synthesized
317.253 381.212 30.2230 7.4351 cellulose
350.192 381.212 4.2341 7.4351 –
357.109 381.212 28.3685 7.4351 artiﬁcial

71.0364 391.133 19.3160 7.4351 blood
92.6930 391.133 23.9650 7.4351 vessels
119.055 391.133 9.8739 7.4351 for
131.357 391.133 47.3372 7.4351 microsurgery.
181.078 391.133 15.9626 7.4351 Prog
199.446 391.133 22.1359 7.4351 Polym
223.938 391.133 10.8393 7.4351 Sci
237.147 391.133 48.9547 7.4351 26:1561–1603

58.1106 401.111 10.5852 7.4351 40.
71.0364 401.111 36.2270 7.4351 Yoshinaga
111.231 401.111 6.7915 7.4351 F,
121.946 401.111 32.5348 7.4351 Tonouchi
158.457 401.111 8.1972 7.4351 N,
170.589 401.111 34.0083 7.4351 Watanabe
208.573 401.111 6.0802 7.4351 K
218.608 401.111 22.5762 7.4351 (1997)
245.140 401.111 31.0952 7.4351 Research
280.234 401.111 28.6479 7.4351 progress
312.832 401.111 6.6137 7.4351 in
323.376 401.111 10.3989 7.4351 the
337.720 401.111 36.7689 7.4351 production
378.426 401.111 7.0540 7.4351 of

71.0364 411.089 29.3338 7.4351 bacterial
103.351 411.089 30.2230 7.4351 cellulose
136.516 411.089 8.4682 7.4351 by
147.912 411.089 27.4031 7.4351 aeration
178.243 411.089 12.2535 7.4351 and
193.436 411.089 29.7911 7.4351 agitation
226.205 411.089 23.6178 7.4351 culture
252.737 411.089 12.2535 7.4351 and
267.931 411.089 8.0194 7.4351 its
278.873 411.089 37.8105 7.4351 application
319.635 411.089 7.0455 7.4351 as
329.670 411.089 3.7853 7.4351 a
336.360 411.089 14.0996 7.4351 new
353.424 411.089 32.0860 7.4351 industrial

71.0364 421.068 30.0452 7.4351 material.
103.464 421.068 21.6786 7.4351 Biosci
127.559 421.068 37.2855 7.4351 Biotechnol
167.244 421.068 30.6718 7.4351 Biochem
200.296 421.068 40.4865 7.4351 61:219–224

58.1106 430.989 10.5852 7.4351 41.
71.0364 430.989 38.0900 7.4351 Kongruang
112.592 430.989 4.6744 7.4351 S
120.755 430.989 22.5762 7.4351 (2008)
146.834 430.989 30.7396 7.4351 Bacterial
181.077 430.989 30.2230 7.4351 cellulose
214.809 430.989 36.7689 7.4351 production
255.061 430.989 8.4682 7.4351 by
267.023 430.989 41.0538 7.4351 Acetobacter
311.584 430.989 28.3092 7.4351 xylinum
343.389 430.989 22.1189 7.4351 strains
369.014 430.989 16.4876 7.4351 from

71.0364 440.967 39.2162 7.4351 agricultural
112.649 440.967 19.2906 7.4351 waste
134.362 440.967 31.2985 7.4351 products.
168.037 440.967 16.9279 7.4351 Appl
187.370 440.967 30.6718 7.4351 Biochem
220.422 440.967 37.2855 7.4351 Biotechnol
260.107 440.967 44.7206 7.4351 148:245–256

58.1106 450.945 10.5852 7.4351 42.
71.0364 450.945 16.4876 7.4351 Ring
91.5591 450.945 12.8717 7.4351 DF,
108.397 450.945 25.3792 7.4351 Nashed
137.820 450.945 10.1364 7.4351 W,
151.994 450.945 16.3944 7.4351 Dow
172.403 450.945 5.1995 7.4351 T
181.643 450.945 22.5762 7.4351 (1987)
208.233 450.945 33.4917 7.4351 Microbial
245.764 450.945 50.9362 7.4351 polysaccharide
300.756 450.945 24.5747 7.4351 articles
329.386 450.945 12.2535 7.4351 and
345.657 450.945 28.7411 7.4351 methods
378.426 450.945 7.0540 7.4351 of

71.0364 460.923 38.8860 7.4351 production.
112.308 460.923 10.7546 7.4351 US
125.461 460.923 21.2382 7.4351 Patent
149.045 460.923 35.9898 7.4351 4,655,758,
187.426 460.923 4.2341 7.4351 7
194.059 460.923 13.1342 7.4351 Apr
209.537 460.923 16.9364 7.4351 1987

58.1106 470.844 10.5852 7.4351 43.
71.0364 470.844 16.4876 7.4351 Ring
90.0856 470.844 12.8717 7.4351 DF,
105.506 470.844 25.3792 7.4351 Nashed
133.455 470.844 10.1364 7.4351 W,
146.154 470.844 16.3944 7.4351 Dow
165.090 470.844 5.1995 7.4351 T
172.857 470.844 22.5762 7.4351 (1986)
197.972 470.844 22.6609 7.4351 Liquid
223.200 470.844 22.6524 7.4351 loaded
248.372 470.844 12.2535 7.4351 pad
263.225 470.844 9.8739 7.4351 for
275.641 470.844 26.9627 7.4351 medical
305.178 470.844 43.1878 7.4351 applications.
350.929 470.844 10.7546 7.4351 US
364.252 470.844 21.2382 7.4351 Patent

71.0364 480.823 35.9898 7.4351 4,588,400,
109.417 480.823 8.4682 7.4351 13
120.246 480.823 15.5137 7.4351 May
138.104 480.823 16.9364 7.4351 1986

58.1106 490.801 10.5852 7.4351 44.
71.0364 490.801 19.2990 7.4351 Farah
94.4510 490.801 9.8739 7.4351 LF
108.397 490.801 22.5762 7.4351 (1990)
135.100 490.801 25.8195 7.4351 Process
165.034 490.801 9.8739 7.4351 for
179.037 490.801 10.3989 7.4351 the
193.550 490.801 38.6912 7.4351 preparation
236.354 490.801 7.0540 7.4351 of
247.523 490.801 30.2230 7.4351 cellulose
281.879 490.801 15.7847 7.4351 ﬁlm,
301.778 490.801 30.2230 7.4351 cellulose
336.135 490.801 13.6677 7.4351 ﬁlm
353.936 490.801 31.5610 7.4351 produced

71.0364 500.722 27.5894 7.4351 thereby,
101.027 500.722 28.3685 7.4351 artiﬁcial
131.811 500.722 14.1080 7.4351 skin
148.252 500.722 16.0388 7.4351 graft
166.678 500.722 12.2535 7.4351 and
181.361 500.722 8.0194 7.4351 its
191.736 500.722 13.3967 7.4351 use.
207.497 500.722 10.7546 7.4351 US
220.650 500.722 21.2382 7.4351 Patent
244.290 500.722 35.9898 7.4351 4,912,049,
282.672 500.722 8.4682 7.4351 27
293.500 500.722 14.0996 7.4351 Mar
309.998 500.722 16.9364 7.4351 1990

58.1106 510.700 10.5852 7.4351 45.
71.0364 510.700 19.3752 7.4351 Czaja
92.9199 510.700 10.1364 7.4351 W,
105.618 510.700 47.5066 7.4351 Krystynowicz
155.678 510.700 8.1972 7.4351 A,
166.393 510.700 28.3685 7.4351 Bielecki
197.348 510.700 4.6744 7.4351 S
204.491 510.700 6.1648 7.4351 et
213.221 510.700 6.1648 7.4351 al
221.895 510.700 22.5762 7.4351 (2006)
247.010 510.700 33.4917 7.4351 Microbial
283.010 510.700 43.4419 7.4351 cellulose-the
329.045 510.700 23.6178 7.4351 natural
355.180 510.700 21.1536 7.4351 power
378.878 510.700 6.6137 7.4351 to

71.0364 520.678 14.1842 7.4351 heal
87.5909 520.678 28.3939 7.4351 wounds.
118.375 520.678 43.4419 7.4351 Biomaterials
164.240 520.678 40.4865 7.4351 27:145–151

58.1106 530.656 10.5852 7.4351 46.
71.0364 530.656 34.0083 7.4351 Watanabe
108.680 530.656 8.1972 7.4351 K,
120.529 530.656 27.8519 7.4351 Tabuchi
151.994 530.656 9.6114 7.4351 M,
165.260 530.656 32.9667 7.4351 Morinaga
201.827 530.656 6.0802 7.4351 Y
211.522 530.656 6.1648 7.4351 et
221.330 530.656 6.1648 7.4351 al
231.137 530.656 22.5762 7.4351 (1998)
257.330 530.656 33.4917 7.4351 Structural
294.463 530.656 26.8696 7.4351 features
325.021 530.656 12.2535 7.4351 and
340.895 530.656 33.9321 7.4351 properties
378.426 530.656 7.0540 7.4351 of

71.0364 540.578 29.3338 7.4351 bacterial
102.784 540.578 30.2230 7.4351 cellulose
135.382 540.578 31.5610 7.4351 produced
169.342 540.578 6.6137 7.4351 in
178.356 540.578 55.5175 7.4351 agitated-culture.
236.296 540.578 32.0775 7.4351 Cellulose
270.765 540.578 36.2524 7.4351 5:187–200

58.1106 550.556 10.5852 7.4351 47.
71.0364 550.556 25.4723 7.4351 Klemm
99.4396 550.556 8.1972 7.4351 D,
110.608 550.556 35.7951 7.4351 Schumann
149.330 550.556 8.1972 7.4351 D,
160.498 550.556 25.9042 7.4351 Kramer
189.355 550.556 4.6744 7.4351 F
196.952 550.556 6.1648 7.4351 et
206.080 550.556 6.1648 7.4351 al
215.208 550.556 22.5762 7.4351 (2006)
240.720 550.556 51.8169 7.4351 Nanocelluloses
295.542 550.556 7.0455 7.4351 as
305.520 550.556 35.8798 7.4351 innovative
344.356 550.556 31.5610 7.4351 polymers
378.881 550.556 6.6137 7.4351 in

71.0364 560.534 28.2753 7.4351 research
101.707 560.534 12.2535 7.4351 and
116.334 560.534 39.9276 7.4351 application.
158.684 560.534 14.5484 7.4351 Adv
175.634 560.534 22.1359 7.4351 Polym
200.126 560.534 10.8393 7.4351 Sci
213.336 560.534 36.2524 7.4351 205:49–96

53.8587 36.9767 34.4571 7.4351 Cellulose:
90.7089 36.9767 31.1122 7.4351 Structure
124.214 36.9767 12.2535 7.4351 and
138.898 36.9767 34.3724 7.4351 Properties

377.064 36.9767 8.4682 7.4351 45

58.1102 62.3692 10.5852 7.4351 48.
71.0361 62.3692 8.4597 7.4351 Pa
76.2516 62.1990 7.0168 7.4351 ¨a
80.0496 62.1990 15.9126 7.4351 ¨kk€
91.7281 62.3692 8.4860 7.4351 o€
95.9800 62.3692 4.2341 7.4351 o
103.576 62.3692 9.6114 7.4351 M,
116.559 62.3692 34.2877 7.4351 Ankerfors
154.203 62.3692 9.6114 7.4351 M,
167.186 62.3692 30.0621 7.4351 Kosonen
200.635 62.3692 6.0802 7.4351 H
210.102 62.3692 6.1648 7.4351 et
219.626 62.3692 6.1648 7.4351 al
229.150 62.3692 22.5762 7.4351 (2007)
255.116 62.3692 36.3963 7.4351 Enzymatic
294.914 62.3692 35.2701 7.4351 hydrolysis
333.523 62.3692 33.5002 7.4351 combined
370.430 62.3692 15.0734 7.4351 with

71.0352 72.3473 38.7674 7.4351 mechanical
112.931 72.3473 28.7326 7.4351 shearing
144.850 72.3473 12.2535 7.4351 and
160.213 72.3473 46.1009 7.4351 high-pressure
209.480 72.3473 54.7469 7.4351 homogenization
267.363 72.3473 9.8739 7.4351 for
280.346 72.3473 33.4833 7.4351 nanoscale
316.970 72.3473 30.2230 7.4351 cellulose
350.362 72.3473 19.7478 7.4351 ﬁbrils
373.266 72.3473 12.2535 7.4351 and

71.0352 82.3254 21.1620 7.4351 strong
94.5624 82.3254 15.7763 7.4351 gels.
112.703 82.3254 68.0386 7.4351 Biomacromolecules
183.116 82.3254 44.7206 7.4351 8:1934–1941

58.1094 92.3035 10.5852 7.4351 49.
71.0352 92.3035 20.2729 7.4351 Samir
95.5837 92.3035 26.4462 7.4351 MASA,
126.368 92.3035 21.6871 7.4351 Alloin
152.333 92.3035 6.7915 7.4351 F,
163.445 92.3035 31.0190 7.4351 Dufresne
198.765 92.3035 6.0802 7.4351 A
209.139 92.3035 22.5762 7.4351 (2005)
236.011 92.3035 25.9042 7.4351 Review
266.285 92.3035 7.0540 7.4351 of
277.624 92.3035 20.7894 7.4351 recent
302.739 92.3035 28.2753 7.4351 research
335.337 92.3035 13.2273 7.4351 into
352.856 92.3035 32.6026 7.4351 cellulosic

71.0352 102.224 32.1707 7.4351 whiskers,
105.844 102.224 15.5984 7.4351 their
124.099 102.224 33.9321 7.4351 properties
160.723 102.224 12.2535 7.4351 and
175.576 102.224 15.5984 7.4351 their
193.831 102.224 37.8105 7.4351 application
234.310 102.224 6.6137 7.4351 in
243.607 102.224 51.3935 7.4351 nanocomposite
297.636 102.224 17.1904 7.4351 ﬁeld.
317.479 102.224 67.9488 7.4351 Biomacromolecules

71.0352 112.202 36.2524 7.4351 6:612–626

58.1094 122.181 10.5852 7.4351 50.
71.0352 122.181 31.0190 7.4351 Dufresne
105.617 122.181 6.0802 7.4351 A
115.198 122.181 22.5762 7.4351 (2008)
141.277 122.181 51.3766 7.4351 Polysaccharide
196.269 122.181 16.4876 7.4351 nano
216.282 122.181 22.6440 7.4351 crystal
242.474 122.181 34.8975 7.4351 reinforced
280.912 122.181 56.7708 7.4351 nanocomposites.
341.234 122.181 13.6592 7.4351 Can
358.412 122.181 3.2603 7.4351 J
365.215 122.181 20.2729 7.4351 Chem

71.0352 132.102 40.4865 7.4351 86:484–494

58.1094 142.080 10.5852 7.4351 51.
71.0352 142.080 22.6440 7.4351 Steege
97.6812 142.080 17.0973 7.4351 H-H,
118.828 142.080 24.5154 7.4351 Philipp
147.344 142.080 5.6398 7.4351 B
157.039 142.080 22.5762 7.4351 (1974)
183.628 142.080 39.3263 7.4351 Production,
226.998 142.080 56.4744 7.4351 characterization,
287.546 142.080 12.2535 7.4351 and
303.817 142.080 11.2796 7.4351 use
319.124 142.080 7.0540 7.4351 of
330.179 142.080 55.2550 7.4351 microcrystalline

71.0352 152.058 32.3401 7.4351 cellulose.
105.787 152.058 19.3837 7.4351 Zellst
127.557 152.058 12.6938 7.4351 Pap
142.638 152.058 32.0183 7.4351 23:68–73

58.1094 162.036 10.5852 7.4351 52.
71.0352 162.036 33.8559 7.4351 Bondeson
108.112 162.036 8.1972 7.4351 D,
119.508 162.036 27.7588 7.4351 Mathew
150.462 162.036 8.1972 7.4351 A,
161.858 162.036 28.2076 7.4351 Oksman
193.322 162.036 6.0802 7.4351 K
202.563 162.036 22.5762 7.4351 (2006)
228.358 162.036 44.8645 7.4351 Optimization
276.490 162.036 7.0540 7.4351 of
286.752 162.036 10.3989 7.4351 the
300.359 162.036 29.2661 7.4351 isolation
332.844 162.036 7.0540 7.4351 of
343.049 162.036 42.3918 7.4351 nanocrystals

71.0352 171.957 16.4876 7.4351 from
89.9142 171.957 55.2550 7.4351 microcrystalline
147.570 171.957 30.2230 7.4351 cellulose
180.225 171.957 8.4682 7.4351 by
191.054 171.957 14.1842 7.4351 acid
207.608 171.957 37.3871 7.4351 hydrolysis.
247.407 171.957 32.0775 7.4351 Cellulose
281.876 171.957 40.4865 7.4351 13:171–180

58.1094 181.936 10.5852 7.4351 53.
71.0352 181.936 19.2990 7.4351 Araki
92.6918 181.936 5.3773 7.4351 J,
100.345 181.936 19.8241 7.4351 Wada
122.569 181.936 9.6114 7.4351 M,
134.474 181.936 18.3337 7.4351 Kuga
155.167 181.936 4.6744 7.4351 S
162.141 181.936 6.1648 7.4351 et
170.645 181.936 6.1648 7.4351 al
179.148 181.936 22.5762 7.4351 (1998)
204.036 181.936 17.3683 7.4351 Flow
223.766 181.936 33.9321 7.4351 properties
260.049 181.936 7.0540 7.4351 of
269.460 181.936 55.2550 7.4351 microcrystalline
327.060 181.936 30.2230 7.4351 cellulose
359.658 181.936 25.8280 7.4351 suspen-

71.0352 191.914 14.1080 7.4351 sion
87.9869 191.914 29.6980 7.4351 prepared
120.528 191.914 8.4682 7.4351 by
131.867 191.914 14.1842 7.4351 acid
148.874 191.914 32.1622 7.4351 treatment
183.911 191.914 7.0540 7.4351 of
193.832 191.914 20.7979 7.4351 native
217.473 191.914 32.3401 7.4351 cellulose.
252.679 191.914 25.4808 7.4351 Colloid
281.026 191.914 14.5484 7.4351 Surf
298.374 191.914 6.0802 7.4351 A
307.331 191.914 45.2202 7.4351 Physicochem
355.407 191.914 13.6677 7.4351 Eng
371.905 191.914 13.5745 7.4351 Asp

71.0352 201.892 36.2524 7.4351 142:75–82

58.1094 211.813 10.5852 7.4351 54.
71.0352 211.813 18.7825 7.4351 Dong
91.6146 211.813 15.6916 7.4351 XM,
109.132 211.813 20.2729 7.4351 Revol
131.243 211.813 10.0518 7.4351 JF,
143.148 211.813 16.9195 7.4351 Gray
161.914 211.813 12.1603 7.4351 DG
175.860 211.813 22.5762 7.4351 (1998)
200.295 211.813 20.7894 7.4351 Effect
222.915 211.813 7.0540 7.4351 of
231.816 211.813 53.4005 7.4351 microcrystallite
287.092 211.813 38.6912 7.4351 preparation
327.628 211.813 35.3547 7.4351 conditions
364.819 211.813 8.4682 7.4351 on
375.080 211.813 10.3989 7.4351 the

71.0352 221.791 33.5002 7.4351 formation
106.921 221.791 7.0540 7.4351 of
116.332 221.791 23.6263 7.4351 colloid
142.354 221.791 25.9042 7.4351 crystals
170.644 221.791 7.0540 7.4351 of
180.111 221.791 32.3401 7.4351 cellulose.
214.864 221.791 32.0775 7.4351 Cellulose
249.333 221.791 27.7842 7.4351 5:19–32

58.1094 231.769 10.5852 7.4351 55.
71.0352 231.769 19.2990 7.4351 Araki
92.9187 231.769 5.3773 7.4351 J,
100.856 231.769 19.8241 7.4351 Wada
123.249 231.769 9.6114 7.4351 M,
135.438 231.769 18.3337 7.4351 Kuga
156.358 231.769 4.6744 7.4351 S
163.614 231.769 6.1648 7.4351 et
172.345 231.769 6.1648 7.4351 al
181.132 231.769 22.5762 7.4351 (1999)
206.247 231.769 31.5525 7.4351 Inﬂuence
240.433 231.769 7.0540 7.4351 of
250.014 231.769 24.4900 7.4351 surface
277.113 231.769 22.6440 7.4351 charge
302.399 231.769 8.4682 7.4351 on
313.397 231.769 30.1468 7.4351 viscosity
346.166 231.769 29.7064 7.4351 behavior
378.424 231.769 7.0540 7.4351 of

71.0352 241.691 30.2230 7.4351 cellulose
103.633 241.691 42.4765 7.4351 microcrystal
148.534 241.691 39.2332 7.4351 suspension.
190.204 241.691 3.2603 7.4351 J
195.816 241.691 20.7217 7.4351 Wood
218.947 241.691 10.8393 7.4351 Sci
232.157 241.691 40.4865 7.4351 45:258–261

58.1094 251.669 10.5852 7.4351 56.
71.0352 251.669 8.0194 7.4351 de
80.7863 251.669 18.3252 7.4351 Vries
100.912 251.669 8.9001 7.4351 HI
111.570 251.669 22.5762 7.4351 (1951)
135.949 251.669 29.7064 7.4351 Rotatory
167.413 251.669 21.1536 7.4351 power
190.317 251.669 12.2535 7.4351 and
204.377 251.669 17.4530 7.4351 other
223.595 251.669 23.1775 7.4351 optical
248.540 251.669 33.9321 7.4351 properties
284.256 251.669 7.0540 7.4351 of
293.101 251.669 23.1690 7.4351 certain
318.045 251.669 19.8410 7.4351 liquid
339.645 251.669 28.0213 7.4351 crystals.
369.466 251.669 16.0303 7.4351 Acta

71.0352 261.647 38.1662 7.4351 Crystallogr
111.570 261.647 36.2524 7.4351 4:219–226

58.1094 271.625 10.5852 7.4351 57.
71.0352 271.625 20.2729 7.4351 Revol
93.8824 271.625 12.8717 7.4351 J-F,
109.303 271.625 30.5871 7.4351 Bradford
142.412 271.625 8.1972 7.4351 H,
153.183 271.625 27.2337 7.4351 Giasson
183.004 271.625 3.2603 7.4351 J
188.787 271.625 6.1648 7.4351 et
197.517 271.625 6.1648 7.4351 al
206.248 271.625 22.5762 7.4351 (1992)
231.363 271.625 35.4225 7.4351 Helicoidal
269.347 271.625 43.8060 7.4351 self-ordering
315.779 271.625 7.0540 7.4351 of
325.360 271.625 30.2230 7.4351 cellulose
358.185 271.625 27.3269 7.4351 microﬁ-

71.0352 281.546 15.0734 7.4351 brils
88.4966 281.546 6.6137 7.4351 in
97.4543 281.546 27.7672 7.4351 aqueous
127.614 281.546 39.2332 7.4351 suspension.
169.284 281.546 9.4336 7.4351 Int
181.076 281.546 3.2603 7.4351 J
186.688 281.546 14.6330 7.4351 Biol
203.696 281.546 35.3463 7.4351 Macromol
241.453 281.546 40.4865 7.4351 14:170–172

58.1094 291.524 10.5852 7.4351 58.
71.0352 291.524 59.7686 7.4351 Kroon-Batenburg
134.134 291.524 18.0711 7.4351 LMJ,
155.563 291.524 21.6024 7.4351 Kroon
180.508 291.524 5.3773 7.4351 J,
189.182 291.524 28.7411 7.4351 Northolt
221.271 291.524 13.5745 7.4351 MG
238.222 291.524 22.5762 7.4351 (1986)
264.130 291.524 20.2729 7.4351 Chain
287.714 291.524 29.1899 7.4351 modulus
320.256 291.524 12.2535 7.4351 and
335.846 291.524 49.6152 7.4351 intramolecular

71.0352 301.502 32.0098 7.4351 hydrogen
105.391 301.502 27.7842 7.4351 bonding
135.608 301.502 6.6137 7.4351 in
144.566 301.502 20.7979 7.4351 native
167.753 301.502 12.2535 7.4351 and
182.381 301.502 39.6481 7.4351 regenerated
224.447 301.502 30.2230 7.4351 cellulose
257.102 301.502 20.8910 7.4351 ﬁbers.
280.403 301.502 22.1359 7.4351 Polym
304.895 301.502 31.5694 7.4351 Commun
338.854 301.502 40.4865 7.4351 27:290–292

58.1094 311.480 10.5852 7.4351 59.
71.0352 311.480 26.8019 7.4351 Nishino
104.597 311.480 7.3165 7.4351 T,
118.600 311.480 29.1729 7.4351 Matsuda
154.543 311.480 4.9370 7.4351 I,
166.222 311.480 19.2990 7.4351 Hirao
192.300 311.480 6.0802 7.4351 K
205.113 311.480 22.5762 7.4351 (2004)
234.423 311.480 43.8822 7.4351 All-cellulose
285.050 311.480 37.0230 7.4351 composite.
328.874 311.480 56.5760 7.4351 Macromolecules

71.0352 321.402 48.9547 7.4351 37:7683–7687

58.1094 331.380 10.5852 7.4351 60.
71.0352 331.380 19.3075 7.4351 Odijk
92.8620 331.380 7.3165 7.4351 T,
102.726 331.380 45.7367 7.4351 Lekkerkerker
151.086 331.380 20.1797 7.4351 HNW
173.819 331.380 22.5762 7.4351 (1985)
198.934 331.380 24.5070 7.4351 Theory
226.033 331.380 7.0540 7.4351 of
235.614 331.380 10.3989 7.4351 the
248.540 331.380 52.3673 7.4351 isotropic-liquid
303.476 331.380 22.6440 7.4351 crystal
328.704 331.380 19.2990 7.4351 phase
350.588 331.380 34.8975 7.4351 separation

71.0352 341.358 9.8739 7.4351 for
83.2811 341.358 3.7853 7.4351 a
89.4603 341.358 27.3353 7.4351 solution
119.167 341.358 7.0540 7.4351 of
128.578 341.358 34.3724 7.4351 bidisperse
165.371 341.358 24.0666 7.4351 rodlike
191.847 341.358 57.8124 7.4351 macromolecules.
252.055 341.358 3.2603 7.4351 J
257.725 341.358 16.4029 7.4351 Phys
276.490 341.358 20.2729 7.4351 Chem
299.167 341.358 48.9547 7.4351 89:2090–2096

58.1094 351.336 10.5852 7.4351 61.
71.0352 351.336 8.0194 7.4351 de
81.4096 351.336 20.7132 7.4351 Souza
104.483 351.336 17.9780 7.4351 Lima
124.836 351.336 17.1058 7.4351 MM,
144.281 351.336 24.4985 7.4351 Borsali
171.210 351.336 5.6398 7.4351 R
179.204 351.336 22.5762 7.4351 (2002)
204.149 351.336 19.3837 7.4351 Static
225.862 351.336 12.2535 7.4351 and
240.489 351.336 29.2661 7.4351 dynamic
272.124 351.336 15.6069 7.4351 light
290.096 351.336 33.0429 7.4351 scattering
325.530 351.336 16.4876 7.4351 from
344.409 351.336 41.0708 7.4351 polyelectro-

71.0352 361.257 12.7785 7.4351 lyte
86.1721 361.257 42.4765 7.4351 microcrystal
131.073 361.257 32.3401 7.4351 cellulose.
165.825 361.257 33.5002 7.4351 Langmuir
201.712 361.257 40.4865 7.4351 18:992–996

58.1094 371.235 10.5852 7.4351 62.
71.0352 371.235 32.0775 7.4351 Angellier
106.582 371.235 8.1972 7.4351 H,
118.203 371.235 23.5416 7.4351 Putaux
145.246 371.235 13.3967 7.4351 J-L,
162.084 371.235 57.9055 7.4351 Molina-Boisseau
223.483 371.235 4.6744 7.4351 S
231.590 371.235 6.1648 7.4351 et
241.228 371.235 6.1648 7.4351 al
250.865 371.235 22.5762 7.4351 (2005)
276.887 371.235 21.6786 7.4351 Starch
302.059 371.235 39.1316 7.4351 nanocrystal
344.636 371.235 19.2990 7.4351 ﬁllers
367.426 371.235 6.6137 7.4351 in
377.461 371.235 8.0194 7.4351 an

71.0352 381.213 23.1690 7.4351 acrylic
96.6041 381.213 28.3007 7.4351 polymer
127.275 381.213 24.3291 7.4351 matrix.
154.034 381.213 35.3463 7.4351 Macromol
191.735 381.213 19.7563 7.4351 Symp
213.903 381.213 40.4865 7.4351 221:95–104

58.1094 391.135 10.5852 7.4351 63.
71.0352 391.135 45.2033 7.4351 Marchessault
119.564 391.135 13.8370 7.4351 RH,
136.685 391.135 34.3724 7.4351 Morehead
174.330 391.135 11.4659 7.4351 FF,
189.070 391.135 23.1690 7.4351 Walter
215.546 391.135 13.5745 7.4351 NM
232.440 391.135 22.5762 7.4351 (1959)
258.292 391.135 22.6609 7.4351 Liquid
284.201 391.135 22.6440 7.4351 crystal
310.166 391.135 26.7934 7.4351 systems
340.269 391.135 16.4876 7.4351 from
359.999 391.135 25.4723 7.4351 ﬁbrillar

71.0352 401.113 56.3135 7.4351 polysaccharides.
129.769 401.113 23.0843 7.4351 Nature
155.281 401.113 44.7206 7.4351 184:632–633

58.1094 411.091 10.5852 7.4351 64.
71.0352 411.091 20.2729 7.4351 Revol
95.4702 411.091 10.0518 7.4351 JF,
109.643 411.091 29.6302 7.4351 Godbout
143.432 411.091 7.3165 7.4351 L,
154.883 411.091 18.7825 7.4351 Dong
177.844 411.091 13.5745 7.4351 XM
195.589 411.091 6.1648 7.4351 et
205.908 411.091 6.1648 7.4351 al
216.226 411.091 22.5762 7.4351 (1994)
242.929 411.091 21.2382 7.4351 Chiral
268.328 411.091 26.9627 7.4351 nematic
299.453 411.091 40.3764 7.4351 suspensions
344.013 411.091 7.0540 7.4351 of
355.239 411.091 30.2230 7.4351 cellulose

71.0352 421.069 39.2078 7.4351 crystallites;
112.647 421.069 19.2990 7.4351 phase
134.361 421.069 34.8975 7.4351 separation
171.665 421.069 12.2535 7.4351 and
186.292 421.069 31.1968 7.4351 magnetic
219.911 421.069 15.0734 7.4351 ﬁeld
237.372 421.069 38.9622 7.4351 orientation.
278.701 421.069 11.8131 7.4351 Liq
292.931 421.069 18.3337 7.4351 Cryst
313.624 421.069 40.4865 7.4351 16:127–134

58.1094 430.990 10.5852 7.4351 65.
71.0352 430.990 20.2729 7.4351 Revol
94.2796 430.990 10.0518 7.4351 JF,
107.262 430.990 29.6302 7.4351 Godbout
139.860 430.990 7.3165 7.4351 L,
150.122 430.990 16.9195 7.4351 Gray
170.021 430.990 12.1603 7.4351 DG
185.158 430.990 22.5762 7.4351 (1998)
210.670 430.990 17.9018 7.4351 Solid
231.533 430.990 50.4027 7.4351 self-assembled
284.938 430.990 16.9279 7.4351 ﬁlms
304.838 430.990 7.0540 7.4351 of
314.872 430.990 30.2230 7.4351 cellulose
348.038 430.990 15.0734 7.4351 with
366.123 430.990 19.3837 7.4351 chiral

71.0352 440.968 26.9627 7.4351 nematic
100.402 440.968 17.8933 7.4351 order
120.641 440.968 12.2535 7.4351 and
135.324 440.968 29.7911 7.4351 optically
167.470 440.968 27.4031 7.4351 variable
197.291 440.968 36.0491 7.4351 properties.
235.785 440.968 3.2603 7.4351 J
241.398 440.968 15.5222 7.4351 Pulp
259.313 440.968 19.2990 7.4351 Paper
280.970 440.968 10.8393 7.4351 Sci
294.236 440.968 40.4865 7.4351 24:146–149

58.1094 450.947 10.5852 7.4351 66.
71.0352 450.947 14.5399 7.4351 Orts
88.0995 450.947 13.3967 7.4351 WJ,
104.086 450.947 29.6302 7.4351 Godbout
136.231 450.947 7.3165 7.4351 L,
146.096 450.947 45.2033 7.4351 Marchessault
193.888 450.947 11.7200 7.4351 RH
208.175 450.947 6.1648 7.4351 et
216.849 450.947 6.1648 7.4351 al
225.579 450.947 22.5762 7.4351 (1998)
250.694 450.947 33.4917 7.4351 Enhanced
286.751 450.947 28.7411 7.4351 ordering
318.045 450.947 7.0540 7.4351 of
327.683 450.947 19.8410 7.4351 liquid
350.020 450.947 35.4225 7.4351 crystalline

71.0352 460.925 40.3764 7.4351 suspensions
114.745 460.925 7.0540 7.4351 of
125.119 460.925 30.2230 7.4351 cellulose
158.681 460.925 41.9599 7.4351 microﬁbrils:
203.980 460.925 3.7853 7.4351 a
211.066 460.925 39.6566 7.4351 small-angle
254.096 460.925 25.9212 7.4351 neutron
283.349 460.925 33.0429 7.4351 scattering
319.747 460.925 20.4592 7.4351 study.
343.501 460.925 41.9515 7.4351 Macromole-

71.0352 470.846 17.4445 7.4351 cules
90.8779 470.846 48.9547 7.4351 31:5717–5725

58.1094 480.824 10.5852 7.4351 67.
71.0352 480.824 21.6786 7.4351 Favier
95.9800 480.824 8.1972 7.4351 V,
107.432 480.824 25.9127 7.4351 Canova
136.629 480.824 13.8370 7.4351 GR,
153.693 480.824 28.3685 7.4351 Cavaille
178.865 480.484 15.8601 7.4351 ´JY
197.970 480.824 6.1648 7.4351 et
207.380 480.824 6.1648 7.4351 al
216.791 480.824 22.5762 7.4351 (1995)
242.643 480.824 53.2396 7.4351 Nanocomposite
299.166 480.824 31.1884 7.4351 materials
333.634 480.824 16.4876 7.4351 from
353.420 480.824 16.5638 7.4351 latex
373.263 480.824 12.2535 7.4351 and

71.0352 490.802 30.2230 7.4351 cellulose
103.633 490.802 32.1707 7.4351 whiskers.
138.216 490.802 22.1359 7.4351 Polym
162.764 490.802 14.5484 7.4351 Adv
179.659 490.802 27.8519 7.4351 Technol
209.933 490.802 36.2524 7.4351 6:351–355

58.1094 500.723 10.5852 7.4351 68.
71.0352 500.723 21.6786 7.4351 Favier
95.6963 500.723 8.1972 7.4351 V,
106.921 500.723 25.9127 7.4351 Chanzy
135.835 500.723 8.1972 7.4351 H,
147.061 500.723 28.3685 7.4351 Cavaille
172.231 500.383 15.5764 7.4351 ´JY
190.827 500.723 22.5762 7.4351 (1995)
216.396 500.723 28.7411 7.4351 Polymer
248.144 500.723 54.6538 7.4351 nanocomposites
305.857 500.723 34.8975 7.4351 reinforced
343.784 500.723 8.4682 7.4351 by
355.237 500.723 30.2230 7.4351 cellulose

71.0352 510.702 32.1707 7.4351 whiskers.
105.617 510.702 56.5760 7.4351 Macromolecules
164.578 510.702 48.9547 7.4351 28:6365–6367

58.1094 520.680 10.5852 7.4351 69.
71.0352 520.680 14.6246 7.4351 Viet
88.4966 520.680 8.1972 7.4351 D,
99.5519 520.680 58.4306 7.4351 Beck-Candanedo
160.893 520.680 6.7915 7.4351 S,
170.531 520.680 16.9195 7.4351 Gray
190.317 520.680 12.1603 7.4351 DG
205.340 520.680 22.5762 7.4351 (2007)
230.739 520.680 36.6673 7.4351 Dispersion
270.311 520.680 7.0540 7.4351 of
280.176 520.680 30.2230 7.4351 cellulose
313.285 520.680 42.3918 7.4351 nanocrystals
358.583 520.680 6.6137 7.4351 in
368.050 520.680 17.4530 7.4351 polar

71.0352 530.658 25.4723 7.4351 organic
98.8719 530.658 29.8843 7.4351 solvents.
131.186 530.658 32.0775 7.4351 Cellulose
165.655 530.658 40.4865 7.4351 14:109–113

58.1094 540.579 10.5852 7.4351 70.
71.0352 540.579 23.5331 7.4351 Dubief
96.6041 540.579 8.1972 7.4351 D,
106.865 540.579 25.4723 7.4351 Samain
134.362 540.579 7.3165 7.4351 E,
143.716 540.579 31.0190 7.4351 Dufresne
176.825 540.579 6.0802 7.4351 A
184.932 540.579 22.5762 7.4351 (1999)
209.593 540.579 51.3766 7.4351 Polysaccharide
263.055 540.579 45.7367 7.4351 microcrystals
310.847 540.579 34.8975 7.4351 reinforced
347.867 540.579 37.6496 7.4351 amorphous

71.0352 550.557 88.5206 7.4351 poly(β-hydroxyoctanoate)
161.971 550.557 51.3935 7.4351 nanocomposite
215.772 550.557 33.3054 7.4351 materials.
251.489 550.557 56.5760 7.4351 Macromolecules
310.506 550.557 48.9547 7.4351 32:5765–5771

58.1094 560.535 10.5852 7.4351 71.
71.0352 560.535 31.0190 7.4351 Dufresne
105.107 560.535 8.1972 7.4351 A,
116.333 560.535 34.8890 7.4351 Kellerhals
154.317 560.535 15.2512 7.4351 MB,
172.629 560.535 26.0058 7.4351 Witholt
201.655 560.535 5.6398 7.4351 B
210.386 560.535 22.5762 7.4351 (1999)
236.011 560.535 67.5000 7.4351 Transcrystallization
306.594 560.535 6.6137 7.4351 in
316.231 560.535 69.1767 7.4351 Mcl-PHAs/cellulose

71.0352 570.513 30.0536 7.4351 whiskers
103.463 570.513 40.2832 7.4351 composites.
146.153 570.513 56.5760 7.4351 Macromolecules
205.170 570.513 48.9547 7.4351 32:7396–7401

53.8575 36.8647 8.4682 7.4351 46

351.721 36.8647 7.3165 7.4351 T.
361.415 36.8647 24.0497 7.4351 Heinze

58.1102 62.3692 10.5852 7.4351 72.
71.0361 62.3692 23.9735 7.4351 Angles
96.8310 62.3692 15.6916 7.4351 NM,
114.292 62.3692 31.0190 7.4351 Dufresne
147.117 62.3692 6.0802 7.4351 A
154.998 62.3692 22.5762 7.4351 (2000)
179.376 62.3692 36.8282 7.4351 Plasticized
218.041 62.3692 46.2702 7.4351 starch/tunicin
266.173 62.3692 30.0536 7.4351 whiskers
298.035 62.3692 56.7708 7.4351 nanocomposites.
356.655 62.3692 6.3511 7.4351 1.
364.763 62.3692 20.7132 7.4351 Struc-

71.0361 72.3473 15.5984 7.4351 tural
89.0081 72.3473 30.8412 7.4351 analyses.
122.287 72.3473 56.5760 7.4351 Macromolecules
181.248 72.3473 48.9547 7.4351 33:8344–8353

58.1102 82.3254 10.5852 7.4351 73.
71.0361 82.3254 26.3530 7.4351 Grunert
99.5527 82.3254 9.6114 7.4351 M,
111.288 82.3254 23.6178 7.4351 Winter
137.082 82.3254 13.2189 7.4351 WT
152.446 82.3254 22.5762 7.4351 (2002)
177.164 82.3254 56.4998 7.4351 Nanocomposites
235.841 82.3254 7.0540 7.4351 of
245.083 82.3254 30.2230 7.4351 cellulose
277.454 82.3254 23.6856 7.4351 acetate
303.306 82.3254 27.8519 7.4351 butyrate
333.353 82.3254 34.8975 7.4351 reinforced
370.431 82.3254 15.0734 7.4351 with

71.0361 92.3035 30.2230 7.4351 cellulose
103.634 92.3035 44.5089 7.4351 nanocrystals.
150.576 92.3035 3.2603 7.4351 J
156.188 92.3035 22.1359 7.4351 Polym
180.737 92.3035 27.3353 7.4351 Environ
210.444 92.3035 32.0183 7.4351 10:27–30

58.1102 102.224 10.5852 7.4351 74.
71.0361 102.224 29.2492 7.4351 Chazeau
102.614 102.224 7.3165 7.4351 L,
112.194 102.224 28.3685 7.4351 Cavaille
137.366 101.884 17.0135 7.4351 ´JY,
156.698 102.224 18.8502 7.4351 Perez
177.845 102.224 3.2603 7.4351 J
183.401 102.224 22.5762 7.4351 (2000)
208.289 102.224 36.8282 7.4351 Plasticized
247.464 102.224 16.3944 7.4351 PVC
266.173 102.224 34.8975 7.4351 reinforced
303.363 102.224 15.0734 7.4351 with
320.768 102.224 30.2230 7.4351 cellulose
353.309 102.224 32.1707 7.4351 whiskers.

71.0361 112.202 7.7569 7.4351 II.
81.1843 112.202 22.6440 7.4351 Plastic
106.185 112.202 31.8235 7.4351 behavior.
140.428 112.202 3.2603 7.4351 J
146.041 112.202 22.1359 7.4351 Polym
170.589 112.202 10.8393 7.4351 Sci
183.799 112.202 5.6398 7.4351 B
191.793 112.202 22.1359 7.4351 Polym
216.341 112.202 16.4029 7.4351 Phys
235.107 112.202 40.4865 7.4351 38:383–392

58.1102 122.181 10.5852 7.4351 75.
71.0361 122.181 20.2729 7.4351 Revol
93.6563 122.181 7.9347 7.4351 JF
103.974 122.181 22.5762 7.4351 (1982)
128.919 122.181 10.3143 7.4351 On
141.618 122.181 10.3989 7.4351 the
154.374 122.181 50.5120 7.4351 cross-sectional
207.212 122.181 19.2990 7.4351 shape
228.925 122.181 7.0540 7.4351 of
238.336 122.181 30.2230 7.4351 cellulose
270.934 122.181 36.8282 7.4351 crystallites
310.222 122.181 6.6137 7.4351 in
319.180 122.181 26.8781 7.4351 Valonia
348.434 122.181 37.0145 7.4351 ventricosa.

71.0361 132.102 36.2354 7.4351 Carbohydr
109.644 132.102 22.1359 7.4351 Polym
134.192 132.102 36.2524 7.4351 2:123–134

58.1102 142.080 10.5852 7.4351 76.
71.0361 142.080 23.0843 7.4351 Correa
97.7956 142.080 13.8370 7.4351 AC,
115.370 142.080 23.9735 7.4351 Morais
143.036 142.080 28.3685 7.4351 Teixeira
175.125 142.080 7.3165 7.4351 E,
186.124 142.080 31.1122 7.4351 Carmona
220.990 142.080 11.7200 7.4351 VB
236.410 142.080 6.1648 7.4351 et
246.275 142.080 6.1648 7.4351 al
256.139 142.080 22.5762 7.4351 (2014)
282.388 142.080 33.9405 7.4351 Obtaining
320.033 142.080 54.6538 7.4351 nanocomposites
378.427 142.080 7.0540 7.4351 of

71.0361 152.058 35.8798 7.4351 polyamide
112.421 152.058 4.2341 7.4351 6
122.173 152.058 12.2535 7.4351 and
139.974 152.058 30.2230 7.4351 cellulose
175.747 152.058 30.0536 7.4351 whiskers
211.350 152.058 10.3989 7.4351 via
227.224 152.058 31.5610 7.4351 extrusion
264.358 152.058 12.2535 7.4351 and
282.103 152.058 29.7911 7.4351 injection
317.423 152.058 30.4262 7.4351 molding.
353.366 152.058 32.0775 7.4351 Cellulose

71.0361 162.036 40.4865 7.4351 21:311–322

58.1102 171.957 10.5852 7.4351 77.
71.0361 171.957 27.7588 7.4351 Mathew
101.650 171.957 12.8717 7.4351 AP,
117.354 171.957 31.0190 7.4351 Dufresne
151.257 171.957 6.0802 7.4351 A
160.157 171.957 22.5762 7.4351 (2002)
185.556 171.957 50.4281 7.4351 Morphological
238.847 171.957 43.8991 7.4351 investigation
285.619 171.957 7.0540 7.4351 of
295.484 171.957 54.6538 7.4351 nanocomposites
353.027 171.957 16.4876 7.4351 from
372.359 171.957 13.1342 7.4351 sor-

71.0361 181.936 15.6069 7.4351 bitol
89.0081 181.936 36.3879 7.4351 plasticized
127.842 181.936 20.2644 7.4351 starch
150.462 181.936 12.2535 7.4351 and
165.089 181.936 23.6263 7.4351 tunicin
191.111 181.936 32.1707 7.4351 whiskers.
225.694 181.936 67.9488 7.4351 Biomacromolecules
296.107 181.936 36.2524 7.4351 3:609–617

58.1102 191.914 10.5852 7.4351 78.
71.0361 191.914 24.5070 7.4351 Turbak
97.7388 191.914 12.8717 7.4351 AF,
112.819 191.914 23.9819 7.4351 Snyder
138.954 191.914 14.8109 7.4351 FW,
155.961 191.914 32.0013 7.4351 Sandberg
190.204 191.914 11.7200 7.4351 KR
204.094 191.914 22.5762 7.4351 (1982)
228.868 191.914 41.7906 7.4351 Suspensions
272.919 191.914 35.8798 7.4351 containing
310.960 191.914 52.9771 7.4351 microﬁbrillated
366.123 191.914 19.3837 7.4351 cellu-

71.0361 201.892 15.7763 7.4351 lose.
89.1775 201.892 9.8739 7.4351 EP
101.423 201.892 48.6921 7.4351 19810108847,
152.503 201.892 8.4682 7.4351 12
163.331 201.892 15.5137 7.4351 May
181.247 201.892 16.9364 7.4351 1982

58.1102 211.813 10.5852 7.4351 79.
71.0361 211.813 31.1122 7.4351 Wagberg
104.088 211.813 7.3165 7.4351 L,
113.385 211.813 24.4900 7.4351 Decher
139.804 211.813 8.1972 7.4351 G,
149.952 211.813 28.2076 7.4351 Norgren
180.170 211.813 7.4944 7.4351 M
189.580 211.813 6.1648 7.4351 et
197.688 211.813 6.1648 7.4351 al
205.795 211.813 22.5762 7.4351 (2008)
230.344 211.813 13.2189 7.4351 The
245.537 211.813 28.7495 7.4351 build-up
276.208 211.813 7.0540 7.4351 of
285.223 211.813 51.0294 7.4351 polyelectrolyte
338.231 211.813 38.2509 7.4351 multilayers
378.483 211.813 7.0540 7.4351 of

71.0361 221.791 52.8839 7.4351 microﬁbrillated
126.311 221.791 30.2230 7.4351 cellulose
158.966 221.791 12.2535 7.4351 and
173.593 221.791 26.9627 7.4351 cationic
202.960 221.791 56.4067 7.4351 polyelectrolytes.
261.807 221.791 33.5002 7.4351 Langmuir
297.694 221.791 40.4865 7.4351 24:784–795

58.1102 231.769 10.5852 7.4351 80.
71.0361 231.769 7.5790 7.4351 Li
80.8439 231.769 8.1972 7.4351 Y,
91.2183 231.769 7.5790 7.4351 Li
101.026 231.769 8.1972 7.4351 G,
111.457 231.769 13.6677 7.4351 Zou
127.331 231.769 6.0802 7.4351 Y
135.664 231.769 6.1648 7.4351 et
144.054 231.769 6.1648 7.4351 al
152.445 231.769 22.5762 7.4351 (2014)
177.219 231.769 39.1316 7.4351 Preparation
218.605 231.769 12.2535 7.4351 and
233.119 231.769 54.3574 7.4351 characterization
289.755 231.769 7.0540 7.4351 of
299.052 231.769 30.2230 7.4351 cellulose
331.480 231.769 35.2616 7.4351 nanoﬁbers
369.011 231.769 16.4876 7.4351 from

71.0361 241.691 19.8325 7.4351 partly
93.2600 241.691 37.7936 7.4351 mercerized
133.455 241.691 21.2467 7.4351 cotton
157.095 241.691 8.4682 7.4351 by
167.924 241.691 21.2467 7.4351 mixed
191.564 241.691 14.1842 7.4351 acid
208.119 241.691 37.3871 7.4351 hydrolysis.
247.918 241.691 32.0775 7.4351 Cellulose
282.387 241.691 40.4865 7.4351 21:301–309

58.1102 251.669 10.5852 7.4351 81.
71.0361 251.669 25.4639 7.4351 Werner
98.9853 251.669 8.1972 7.4351 O,
109.643 251.669 26.2684 7.4351 Persson
138.387 251.669 7.3165 7.4351 L,
148.138 251.669 18.8587 7.4351 Nolte
169.511 251.669 7.4944 7.4351 M
179.432 251.669 6.1648 7.4351 et
188.106 251.669 6.1648 7.4351 al
196.723 251.669 22.5762 7.4351 (2008)
221.725 251.669 34.9059 7.4351 Patterning
259.142 251.669 7.0540 7.4351 of
268.666 251.669 27.7503 7.4351 surfaces
298.884 251.669 15.0734 7.4351 with
316.458 251.669 33.9321 7.4351 nanosized
352.856 251.669 32.6026 7.4351 cellulosic

71.0361 261.647 19.7478 7.4351 ﬁbrils
93.1465 261.647 18.3421 7.4351 using
113.896 261.647 44.4157 7.4351 microcontact
160.724 261.647 26.8950 7.4351 printing
189.977 261.647 12.2535 7.4351 and
204.605 261.647 3.7853 7.4351 a
210.784 261.647 22.6524 7.4351 lift-off
235.842 261.647 35.1684 7.4351 technique.
273.430 261.647 14.1080 7.4351 Soft
289.871 261.647 22.6440 7.4351 Matter
314.929 261.647 44.7206 7.4351 4:1158–1160

58.1102 271.625 10.5852 7.4351 82.
71.0361 271.625 28.2923 7.4351 Siqueira
101.083 271.625 8.1972 7.4351 G,
111.061 271.625 15.5053 7.4351 Bras
128.353 271.625 5.3773 7.4351 J,
135.496 271.625 31.0190 7.4351 Dufresne
168.321 271.625 6.0802 7.4351 A
176.145 271.625 22.5762 7.4351 (2009)
200.523 271.625 32.0775 7.4351 Cellulose
234.369 271.625 30.0536 7.4351 whiskers
266.230 271.625 21.5939 7.4351 versus
289.645 271.625 41.9599 7.4351 microﬁbrils:
333.355 271.625 31.1122 7.4351 inﬂuence
366.294 271.625 7.0540 7.4351 of
375.081 271.625 10.3989 7.4351 the

71.0361 281.546 21.2382 7.4351 nature
95.1874 281.546 7.0540 7.4351 of
105.222 281.546 10.3989 7.4351 the
118.545 281.546 42.0361 7.4351 nanoparticle
163.559 281.546 12.2535 7.4351 and
178.753 281.546 8.0194 7.4351 its
189.695 281.546 24.4900 7.4351 surface
217.191 281.546 57.6430 7.4351 functionalization
277.796 281.546 8.4682 7.4351 on
289.192 281.546 10.3989 7.4351 the
302.515 281.546 26.0770 7.4351 thermal
331.484 281.546 12.2535 7.4351 and
346.678 281.546 38.7674 7.4351 mechanical

71.0361 291.524 33.9321 7.4351 properties
107.376 291.524 7.0540 7.4351 of
116.787 291.524 56.7708 7.4351 nanocomposites.
175.974 291.524 67.9488 7.4351 Biomacromolecules
246.387 291.524 40.4865 7.4351 10:425–432

58.1102 301.502 10.5852 7.4351 83.
71.0361 301.502 28.7326 7.4351 Stenstad
104.598 301.502 6.7915 7.4351 P,
116.163 301.502 32.4332 7.4351 Andresen
153.410 301.502 9.6114 7.4351 M,
167.810 301.502 23.6178 7.4351 Tanem
196.270 301.502 10.3143 7.4351 BS
211.350 301.502 6.1648 7.4351 et
222.349 301.502 6.1648 7.4351 al
233.291 301.502 22.5762 7.4351 (2008)
260.673 301.502 32.6026 7.4351 Chemical
298.091 301.502 24.4900 7.4351 surface
327.401 301.502 46.1940 7.4351 modiﬁcations
378.424 301.502 7.0540 7.4351 of

71.0361 311.480 52.8839 7.4351 microﬁbrillated
126.311 311.480 32.3401 7.4351 cellulose.
161.064 311.480 32.0775 7.4351 Cellulose
195.533 311.480 32.0183 7.4351 15:35–45

58.1102 321.402 10.5852 7.4351 84.
71.0361 321.402 18.7825 7.4351 Dong
91.6155 321.402 6.7915 7.4351 S,
100.232 321.402 26.8781 7.4351 Sapieha
128.919 321.402 6.7915 7.4351 S,
137.536 321.402 32.5179 7.4351 Schreiber
171.893 321.402 10.7546 7.4351 HP
184.422 321.402 22.5762 7.4351 (1993)
208.801 321.402 39.6481 7.4351 Mechanical
250.357 321.402 33.9321 7.4351 properties
286.073 321.402 7.0540 7.4351 of
294.974 321.402 56.0680 7.4351 corona-modiﬁed
352.857 321.402 32.6026 7.4351 cellulose/

71.0361 331.380 43.8991 7.4351 polyethylene
117.354 331.380 40.2832 7.4351 composites.
160.044 331.380 22.1359 7.4351 Polym
184.536 331.380 13.6677 7.4351 Eng
200.580 331.380 10.8393 7.4351 Sci
213.789 331.380 40.4865 7.4351 33:343–346

58.1102 341.358 10.5852 7.4351 85.
71.0361 341.358 28.3685 7.4351 Cavaille
101.253 341.358 11.4575 7.4351 JY,
114.519 341.358 25.9127 7.4351 Chanzy
142.299 341.358 8.1972 7.4351 H,
152.277 341.358 22.1274 7.4351 Fleury
176.258 341.358 5.1995 7.4351 E
183.288 341.358 6.1648 7.4351 et
191.282 341.358 6.1648 7.4351 al
199.276 341.358 22.5762 7.4351 (1997)
223.655 341.358 58.8794 7.4351 Surface-modiﬁed
284.373 341.358 30.2230 7.4351 cellulose
316.462 341.358 41.6974 7.4351 microﬁbrils,
360.002 341.358 25.4808 7.4351 method

71.0361 351.336 9.8739 7.4351 for
83.2252 351.336 25.4808 7.4351 making
111.061 351.336 10.3989 7.4351 the
123.817 351.336 19.5615 7.4351 same,
145.701 351.336 12.2535 7.4351 and
160.271 351.336 11.2796 7.4351 use
173.934 351.336 24.0582 7.4351 thereof
200.353 351.336 7.0455 7.4351 as
209.707 351.336 3.7853 7.4351 a
215.829 351.336 16.0388 7.4351 ﬁller
234.197 351.336 6.6137 7.4351 in
243.155 351.336 34.9059 7.4351 composite
280.403 351.336 30.0452 7.4351 material.
312.831 351.336 10.7546 7.4351 US
325.927 351.336 21.2382 7.4351 Patent
349.511 351.336 35.9898 7.4351 6,117,545,

71.0361 361.257 8.4682 7.4351 12
81.8643 361.257 15.0734 7.4351 Sept
99.3258 361.257 16.9364 7.4351 2000

58.1102 371.235 10.5852 7.4351 86.
71.0361 371.235 16.9195 7.4351 Cash
90.6518 371.235 12.8717 7.4351 MJ,
106.242 371.235 17.8933 7.4351 Chan
126.822 371.235 14.2774 7.4351 AN,
143.829 371.235 24.9473 7.4351 Conner
171.496 371.235 11.2796 7.4351 HT
185.499 371.235 6.1648 7.4351 et
194.343 371.235 6.1648 7.4351 al
203.244 371.235 22.5762 7.4351 (1999)
228.472 371.235 39.6481 7.4351 Derivatized
270.878 371.235 45.3049 7.4351 microﬁbrillar
318.954 371.235 53.0533 7.4351 polysaccharide.
374.740 371.235 10.7546 7.4351 US

71.0361 381.213 21.2382 7.4351 Patent
94.6767 381.213 35.9898 7.4351 6,602,994,
133.001 381.213 4.2341 7.4351 5
139.634 381.213 14.5484 7.4351 Aug
156.529 381.213 16.9364 7.4351 2003

58.1102 391.135 10.5852 7.4351 87.
71.0361 391.135 24.8542 7.4351 Gousse
99.6662 391.135 7.7569 7.4351 C,
111.231 391.135 25.9127 7.4351 Chanzy
140.938 391.135 8.1972 7.4351 H,
152.900 391.135 31.5525 7.4351 Excofﬁer
188.277 391.135 6.0802 7.4351 G
198.142 391.135 6.1648 7.4351 et
208.063 391.135 6.1648 7.4351 al
218.041 391.135 22.5762 7.4351 (2002)
244.403 391.135 21.2382 7.4351 Stable
269.462 391.135 40.3764 7.4351 suspensions
313.626 391.135 7.0540 7.4351 of
324.454 391.135 28.3769 7.4351 partially
356.656 391.135 28.8173 7.4351 silylated

71.0361 401.113 30.2230 7.4351 cellulose
103.634 401.113 30.0536 7.4351 whiskers
136.119 401.113 31.9929 7.4351 dispersed
170.532 401.113 6.6137 7.4351 in
179.490 401.113 25.4723 7.4351 organic
207.382 401.113 29.8843 7.4351 solvents.
239.641 401.113 28.7411 7.4351 Polymer
270.766 401.113 48.9547 7.4351 43:2645–2651

58.1102 411.091 10.5852 7.4351 88.
71.0361 411.091 29.1645 7.4351 Agarwal
102.784 411.091 9.6114 7.4351 M,
114.916 411.091 17.9018 7.4351 Lvov
135.325 411.091 8.1972 7.4351 Y,
146.097 411.091 46.1771 7.4351 Varahramyan
194.853 411.091 6.0802 7.4351 K
203.470 411.091 22.5762 7.4351 (2006)
228.585 411.091 39.1400 7.4351 Conductive
270.311 411.091 18.7825 7.4351 wood
291.627 411.091 38.6065 7.4351 microﬁbres
332.786 411.091 9.8739 7.4351 for
345.202 411.091 18.8587 7.4351 smart
366.632 411.091 18.8587 7.4351 paper

71.0361 421.069 26.3700 7.4351 through
99.7797 421.069 48.1163 7.4351 layer-by-layer
150.293 421.069 43.6366 7.4351 nanocoating.
196.384 421.069 56.0680 7.4351 Nanotechnology
254.835 421.069 48.9547 7.4351 17:5319–5325

58.1102 430.990 10.5852 7.4351 89.
71.0361 430.990 25.9042 7.4351 Greiner
99.1556 430.990 8.1972 7.4351 A,
109.586 430.990 32.9667 7.4351 Wendorff
144.793 430.990 9.3404 7.4351 JH
156.358 430.990 22.5762 7.4351 (2007)
181.132 430.990 56.1526 7.4351 Electrospinning:
239.583 430.990 3.7853 7.4351 a
245.592 430.990 37.2770 7.4351 fascinating
285.107 430.990 25.4808 7.4351 method
312.774 430.990 9.8739 7.4351 for
324.906 430.990 10.3989 7.4351 the
337.493 430.990 38.6912 7.4351 preparation
378.482 430.990 7.0540 7.4351 of

71.0361 440.968 28.8258 7.4351 ultrathin
102.216 440.968 20.8910 7.4351 ﬁbers.
125.517 440.968 24.4138 7.4351 Angew
152.333 440.968 20.2729 7.4351 Chem
175.010 440.968 9.4336 7.4351 Int
186.802 440.968 9.4336 7.4351 Ed
198.594 440.968 27.7842 7.4351 46:5670

58.1102 450.947 10.5852 7.4351 90.
71.0361 450.947 28.2838 7.4351 Reneker
105.165 450.947 14.2774 7.4351 DH,
125.291 450.947 18.3421 7.4351 Chun
149.499 450.947 2.8199 7.4351 I
158.173 450.947 22.5762 7.4351 (1996)
186.577 450.947 37.7174 7.4351 Nanometer
230.173 450.947 29.7827 7.4351 diameter
265.833 450.947 18.7740 7.4351 ﬁbers
290.437 450.947 7.0540 7.4351 of
303.363 450.947 30.4178 7.4351 polymer,
339.590 450.947 31.5610 7.4351 produced
377.008 450.947 8.4682 7.4351 by

71.0361 460.925 54.4759 7.4351 electrospinning.
127.899 460.925 56.0680 7.4351 Nanotechnology
186.406 460.925 36.2524 7.4351 7:216–223

58.1102 470.846 10.5852 7.4351 91.
71.0361 470.846 22.1274 7.4351 Frenot
95.3576 470.846 8.1972 7.4351 A,
105.788 470.846 34.8212 7.4351 Chronakis
142.865 470.846 7.4944 7.4351 IS
152.560 470.846 22.5762 7.4351 (2003)
177.334 470.846 28.7411 7.4351 Polymer
208.346 470.846 35.2616 7.4351 nanoﬁbers
245.820 470.846 35.3378 7.4351 assembled
283.408 470.846 8.4682 7.4351 by
294.123 470.846 54.4759 7.4351 electrospinning.
350.816 470.846 15.5137 7.4351 Curr
368.561 470.846 16.9279 7.4351 Opin

71.0361 480.824 25.4808 7.4351 Colloid
98.8727 480.824 30.2145 7.4351 Interface
131.527 480.824 10.8393 7.4351 Sci
144.737 480.824 27.7842 7.4351 8:64–75

58.1102 490.802 10.5852 7.4351 92.
71.0361 490.802 12.2450 7.4351 Xie
86.0595 490.802 5.3773 7.4351 J,
94.2228 490.802 7.5790 7.4351 Li
104.598 490.802 8.1972 7.4351 X,
115.596 490.802 12.2450 7.4351 Xia
130.620 490.802 6.0802 7.4351 Y
139.520 490.802 22.5762 7.4351 (2008)
164.862 490.802 24.5154 7.4351 Putting
192.188 490.802 39.1316 7.4351 electrospun
234.142 490.802 35.2616 7.4351 nanoﬁbers
272.239 490.802 6.6137 7.4351 to
281.593 490.802 17.3683 7.4351 work
301.776 490.802 9.8739 7.4351 for
314.418 490.802 37.8105 7.4351 biomedical
355.067 490.802 30.3924 7.4351 research.

71.0361 500.723 35.3463 7.4351 Macromol
108.793 500.723 20.2729 7.4351 Rapid
131.413 500.723 31.5694 7.4351 Commun
165.372 500.723 48.9547 7.4351 29:1775–1792

58.1102 510.702 10.5852 7.4351 93.
71.0361 510.702 7.5790 7.4351 Li
81.5807 510.702 6.7915 7.4351 F,
91.3318 510.702 17.4530 7.4351 Zhao
111.741 510.702 8.1972 7.4351 Y,
122.909 510.702 17.3767 7.4351 Song
143.262 510.702 6.0802 7.4351 Y
152.333 510.702 22.5762 7.4351 (2010)
177.902 510.702 35.3378 7.4351 Core-shell
216.226 510.702 37.6411 7.4351 nanoﬁbers:
256.875 510.702 16.4876 7.4351 nano
276.321 510.702 26.4377 7.4351 channel
305.744 510.702 12.2535 7.4351 and
320.995 510.702 25.4639 7.4351 capsule
349.455 510.702 8.4682 7.4351 by
360.906 510.702 24.5832 7.4351 coaxial

71.0361 520.680 54.4759 7.4351 electrospinning.
127.899 520.680 9.4336 7.4351 In:
139.747 520.680 23.5331 7.4351 Kumar
165.656 520.680 6.0802 7.4351 A
174.103 520.680 13.6592 7.4351 (ed)
190.147 520.680 39.2247 7.4351 Nanoﬁbers.
231.816 520.680 26.1752 7.4351 InTech,
260.390 520.680 24.3207 7.4351 Rijeka,
287.092 520.680 8.4682 7.4351 pp
297.921 520.680 29.6387 7.4351 419–438

58.1102 530.658 10.5852 7.4351 94.
71.0361 530.658 29.7064 7.4351 Scholten
102.443 530.658 7.3165 7.4351 E,
111.514 530.658 34.3809 7.4351 Bromberg
147.628 530.658 7.3165 7.4351 L,
156.642 530.658 30.6718 7.4351 Rutledge
189.070 530.658 13.8370 7.4351 GC,
204.605 530.658 23.0928 7.4351 Hatton
229.436 530.658 11.2796 7.4351 TA
242.475 530.658 22.5762 7.4351 (2011)
266.740 530.658 40.5457 7.4351 Electrospun
309.033 530.658 44.3395 7.4351 polyurethane
355.124 530.658 18.7740 7.4351 ﬁbers
375.647 530.658 9.8739 7.4351 for

71.0361 540.579 35.7951 7.4351 absorption
113.499 540.579 7.0540 7.4351 of
127.218 540.579 25.5570 7.4351 volatile
159.476 540.579 25.4723 7.4351 organic
191.621 540.579 39.0638 7.4351 compounds
237.372 540.579 16.4876 7.4351 from
260.560 540.579 11.1018 7.4351 air.
278.305 540.579 16.3944 7.4351 ACS
301.379 540.579 16.9279 7.4351 Appl
325.020 540.579 20.2644 7.4351 Mater
351.949 540.579 33.4748 7.4351 Interfaces

71.0361 550.557 48.9547 7.4351 10:3902–3909

58.1102 560.535 10.5852 7.4351 95.
71.0361 560.535 15.0734 7.4351 Kim
89.9151 560.535 18.5962 7.4351 C-W,
112.365 560.535 15.0734 7.4351 Kim
131.244 560.535 15.6916 7.4351 D-S,
150.746 560.535 18.3337 7.4351 Kang
172.913 560.535 13.5745 7.4351 S-Y
190.318 560.535 6.1648 7.4351 et
200.296 560.535 6.1648 7.4351 al
210.274 560.535 22.5762 7.4351 (2006)
236.693 560.535 33.4917 7.4351 Structural
273.997 560.535 23.5331 7.4351 studies
301.380 560.535 7.0540 7.4351 of
312.265 560.535 39.1316 7.4351 electrospun
355.239 560.535 30.2230 7.4351 cellulose

71.0361 570.513 37.3786 7.4351 nanoﬁbers.
110.778 570.513 28.7411 7.4351 Polymer
141.958 570.513 48.9547 7.4351 47:5097–5107

53.8583 36.9782 34.4571 7.4351 Cellulose:
90.7085 36.9782 31.1122 7.4351 Structure
124.213 36.9782 12.2535 7.4351 and
138.897 36.9782 34.3724 7.4351 Properties

377.064 36.9782 8.4682 7.4351 47

58.1102 62.3692 10.5852 7.4351 96.
71.0361 62.3692 44.2379 7.4351 Viswanathan
117.637 62.3692 8.1972 7.4351 G,
128.125 62.3692 38.0815 7.4351 Murugesan
168.547 62.3692 6.7915 7.4351 S,
177.618 62.3692 33.4765 7.4351 Pushparaj
213.392 62.3692 6.0802 7.4351 V
221.782 62.3692 6.1648 7.4351 et
230.286 62.3692 6.1648 7.4351 al
238.733 62.3692 22.5762 7.4351 (2006)
263.621 62.3692 39.1316 7.4351 Preparation
305.120 62.3692 7.0540 7.4351 of
314.474 62.3692 39.1485 7.4351 biopolymer
355.974 62.3692 18.7740 7.4351 ﬁbers
377.064 62.3692 8.4682 7.4351 by

71.0361 72.3473 52.3589 7.4351 electrospinning
125.801 72.3473 16.4876 7.4351 from
144.680 72.3473 17.9018 7.4351 room
164.976 72.3473 40.6220 7.4351 temperature
208.006 72.3473 17.0126 7.4351 ionic
227.395 72.3473 25.2183 7.4351 liquids.
255.005 72.3473 67.9488 7.4351 Biomacromolecules
325.361 72.3473 36.2524 7.4351 7:415–418

58.1102 82.3254 10.5852 7.4351 97.
71.0361 82.3254 8.4597 7.4351 Qi
81.9211 82.3254 8.1972 7.4351 H,
92.5792 82.3254 11.2881 7.4351 Sui
106.298 82.3254 8.1972 7.4351 X,
116.956 82.3254 18.3337 7.4351 Yuan
137.706 82.3254 3.2603 7.4351 J
143.432 82.3254 6.1648 7.4351 et
152.049 82.3254 6.1648 7.4351 al
160.666 82.3254 22.5762 7.4351 (2010)
185.668 82.3254 53.7731 7.4351 Electrospinning
241.908 82.3254 7.0540 7.4351 of
251.432 82.3254 52.3419 7.4351 cellulose-based
306.254 82.3254 18.7740 7.4351 ﬁbers
327.515 82.3254 16.4876 7.4351 from
346.450 82.3254 39.0299 7.4351 NaOH/urea

71.0361 92.3035 27.7672 7.4351 aqueous
101.196 92.3035 25.6502 7.4351 system.
129.202 92.3035 35.3463 7.4351 Macromol
166.959 92.3035 20.2644 7.4351 Mater
189.636 92.3035 13.6677 7.4351 Eng
205.680 92.3035 44.7206 7.4351 295:695–700

58.1102 102.224 10.5852 7.4351 98.
71.0361 102.224 9.8468 7.4351 R€
76.6488 102.224 24.0751 7.4351 omhild
104.825 102.224 8.1972 7.4351 K,
117.127 102.224 30.6718 7.4351 Wiegand
151.937 102.224 7.7569 7.4351 C,
163.785 102.224 21.6786 7.4351 Hipler
189.580 102.224 11.7200 7.4351 UC
205.398 102.224 6.1648 7.4351 et
215.660 102.224 6.1648 7.4351 al
225.922 102.224 22.5762 7.4351 (2013)
252.568 102.224 20.7132 7.4351 Novel
277.399 102.224 31.1968 7.4351 bioactive
312.719 102.224 72.7164 7.4351 amino-functionalized

71.0361 112.202 30.2230 7.4351 cellulose
103.634 112.202 37.3786 7.4351 nanoﬁbers.
143.433 112.202 35.3463 7.4351 Macromol
181.190 112.202 20.2729 7.4351 Rapid
203.867 112.202 31.5694 7.4351 Commun
237.826 112.202 48.9547 7.4351 34:1767–1771

58.1102 122.181 10.5852 7.4351 99.
71.0361 122.181 23.9819 7.4351 Hornig
96.7184 122.181 6.7915 7.4351 S,
105.278 122.181 24.0497 7.4351 Heinze
131.073 122.181 5.1995 7.4351 T
137.990 122.181 22.5762 7.4351 (2008)
162.312 122.181 29.2576 7.4351 Efﬁcient
193.323 122.181 31.1122 7.4351 approach
226.148 122.181 6.6137 7.4351 to
234.539 122.181 22.1274 7.4351 design
258.406 122.181 19.8241 7.4351 stable
279.949 122.181 58.4221 7.4351 water-dispersible
340.158 122.181 45.2964 7.4351 nanoparticles

71.0361 132.102 7.0540 7.4351 of
80.4468 132.102 42.8576 7.4351 hydrophobic
125.688 132.102 30.2230 7.4351 cellulose
158.343 132.102 21.4076 7.4351 esters.
182.154 132.102 67.9488 7.4351 Biomacromolecules
252.510 132.102 44.7206 7.4351 9:1487–1492

53.8583 142.080 14.8193 7.4351 100.
71.0361 142.080 42.9168 7.4351 Wondraczek
116.617 142.080 8.1972 7.4351 H,
127.445 142.080 54.2812 7.4351 Petzold-Welcke
184.421 142.080 8.1972 7.4351 K,
195.306 142.080 24.5070 7.4351 Fardim
222.462 142.080 4.6744 7.4351 P
229.775 142.080 6.1648 7.4351 et
238.563 142.080 6.1648 7.4351 al
247.407 142.080 22.5762 7.4351 (2013)
272.579 142.080 47.1425 7.4351 Nanoparticles
322.412 142.080 16.4876 7.4351 from
341.573 142.080 43.8991 7.4351 conventional

71.0361 152.058 30.2230 7.4351 cellulose
103.634 152.058 21.6701 7.4351 esters:
127.729 152.058 35.4309 7.4351 evaluation
165.542 152.058 7.0540 7.4351 of
175.010 152.058 38.6912 7.4351 preparation
216.112 152.058 30.8581 7.4351 methods.
249.334 152.058 32.0775 7.4351 Cellulose
283.803 152.058 40.4865 7.4351 20:751–760

53.8583 162.036 14.8193 7.4351 101.
71.0361 162.036 35.3463 7.4351 Nikolajski
110.891 162.036 9.6114 7.4351 M,
125.008 162.036 40.5457 7.4351 Wotschadlo
170.136 162.036 5.3773 7.4351 J,
180.000 162.036 28.8173 7.4351 Clement
213.336 162.036 9.3404 7.4351 JH
227.226 162.036 6.1648 7.4351 et
237.884 162.036 6.1648 7.4351 al
248.542 162.036 22.5762 7.4351 (2012)
275.641 162.036 75.0113 7.4351 Amino-functionalized
355.238 162.036 30.2230 7.4351 cellulose

71.0361 171.957 47.6760 7.4351 nanoparticles:
122.967 171.957 40.8083 7.4351 preparation,
167.981 171.957 56.4744 7.4351 characterization,
228.700 171.957 51.9101 7.4351 andinteractions
284.883 171.957 15.0734 7.4351 with
304.158 171.957 19.8410 7.4351 living
328.196 171.957 17.7070 7.4351 cells.
350.136 171.957 35.3463 7.4351 Macromol

71.0361 181.936 21.6786 7.4351 Biosci
95.0739 181.936 40.4865 7.4351 12:920–925

53.8583 191.914 14.8193 7.4351 102.
71.0361 191.914 23.9735 7.4351 Kostag
97.5119 191.914 9.6114 7.4351 M,
109.587 191.914 10.3566 7.4351 K€
115.710 191.914 17.4530 7.4351 ohler
135.609 191.914 6.7915 7.4351 S,
144.906 191.914 24.5832 7.4351 Liebert
172.005 191.914 5.1995 7.4351 T
179.716 191.914 6.1648 7.4351 et
188.333 191.914 6.1648 7.4351 al
197.007 191.914 22.5762 7.4351 (2010)
222.065 191.914 15.5137 7.4351 Pure
240.093 191.914 30.2230 7.4351 cellulose
272.805 191.914 45.2964 7.4351 nanoparticles
320.654 191.914 16.4876 7.4351 from
339.646 191.914 45.8384 7.4351 trimethylsilyl

71.0361 201.892 32.3401 7.4351 cellulose.
105.788 201.892 35.3463 7.4351 Macromol
143.545 201.892 19.7563 7.4351 Symp
165.656 201.892 50.3604 7.4351 294(2):96–106

53.8583 211.813 14.8193 7.4351 103.
71.0361 211.813 24.5832 7.4351 Liebert
98.8160 211.813 7.3165 7.4351 T,
109.303 211.813 23.9735 7.4351 Kostag
136.459 211.813 9.6114 7.4351 M,
149.272 211.813 40.5457 7.4351 Wotschadlo
193.039 211.813 3.2603 7.4351 J
199.445 211.813 6.1648 7.4351 et
208.799 211.813 6.1648 7.4351 al
218.153 211.813 22.5762 7.4351 (2011)
243.891 211.813 21.2382 7.4351 Stable
268.326 211.813 30.2230 7.4351 cellulose
301.775 211.813 41.8668 7.4351 nanospheres
346.846 211.813 9.8739 7.4351 for
359.942 211.813 25.5486 7.4351 cellular

71.0361 221.791 24.7695 7.4351 uptake.
98.1919 221.791 35.3463 7.4351 Macromol
135.949 221.791 21.6786 7.4351 Biosci
159.986 221.791 48.9547 7.4351 11:1387–1392

53.8583 231.769 14.8193 7.4351 104.
71.0361 231.769 24.0497 7.4351 Heinze
98.5890 231.769 7.3165 7.4351 T,
109.417 231.769 24.5832 7.4351 Liebert
137.536 231.769 5.1995 7.4351 T
146.267 231.769 22.5762 7.4351 (2001)
172.346 231.769 54.2134 7.4351 Unconventional
230.116 231.769 28.7411 7.4351 methods
262.374 231.769 6.6137 7.4351 in
272.465 231.769 30.2230 7.4351 cellulose
306.254 231.769 59.7601 7.4351 functionalization.
369.524 231.769 15.9626 7.4351 Prog

71.0361 241.691 22.1359 7.4351 Polym
95.5278 241.691 10.8393 7.4351 Sci
108.737 241.691 48.9547 7.4351 26:1689–1762

53.8583 251.669 14.8193 7.4351 105.
71.0361 251.669 24.0497 7.4351 Heinze
97.1715 251.669 7.3165 7.4351 T,
106.525 251.669 20.2644 7.4351 Dicke
128.919 251.669 7.7569 7.4351 R,
138.727 251.669 33.9236 7.4351 Koschella
174.727 251.669 6.0802 7.4351 A
182.890 251.669 6.1648 7.4351 et
191.110 251.669 6.1648 7.4351 al
199.331 251.669 22.5762 7.4351 (2000)
223.992 251.669 31.1884 7.4351 Effective
257.271 251.669 38.6912 7.4351 preparation
298.090 251.669 7.0540 7.4351 of
307.218 251.669 30.2230 7.4351 cellulose
339.533 251.669 37.2770 7.4351 derivatives
378.878 251.669 6.6137 7.4351 in

71.0361 261.647 3.7853 7.4351 a
77.1586 261.647 14.0996 7.4351 new
93.6563 261.647 22.6524 7.4351 simple
118.714 261.647 30.2230 7.4351 cellulose
151.369 261.647 26.6240 7.4351 solvent.
180.340 261.647 35.3463 7.4351 Macromol
218.097 261.647 20.2729 7.4351 Chem
240.774 261.647 16.4029 7.4351 Phys
259.539 261.647 44.7206 7.4351 201:627–631

53.8583 271.625 14.8193 7.4351 106.
71.0361 271.625 7.5790 7.4351 El
81.3546 271.625 21.1620 7.4351 Seoud
105.278 271.625 14.2774 7.4351 OA,
122.286 271.625 24.0497 7.4351 Heinze
149.158 271.625 5.1995 7.4351 T
157.095 271.625 22.5762 7.4351 (2005)
182.437 271.625 27.3184 7.4351 Organic
212.541 271.625 19.2906 7.4351 esters
234.595 271.625 7.0540 7.4351 of
244.403 271.625 32.6026 7.4351 cellulose:
279.779 271.625 14.0996 7.4351 new
296.617 271.625 41.9430 7.4351 perspectives
341.348 271.625 9.8739 7.4351 for
353.990 271.625 10.8478 7.4351 old
367.597 271.625 17.9018 7.4351 poly-

71.0361 281.546 18.5962 7.4351 mers.
96.8310 281.546 9.4336 7.4351 In:
113.442 281.546 24.0497 7.4351 Heinze
144.736 281.546 5.1995 7.4351 T
157.095 281.546 13.6592 7.4351 (ed)
177.958 281.546 54.6368 7.4351 Polysaccharides
239.867 281.546 4.9370 7.4351 I,
251.999 281.546 31.8150 7.4351 structure,
291.004 281.546 54.3574 7.4351 characterization
352.629 281.546 12.2535 7.4351 and
372.075 281.546 13.3967 7.4351 use,

71.0361 291.524 10.8478 7.4351 vol
84.2456 291.524 14.8193 7.4351 186,
101.423 291.524 33.3986 7.4351 Advances
137.253 291.524 6.6137 7.4351 in
146.210 291.524 28.3007 7.4351 polymer
176.938 291.524 27.1321 7.4351 science.
206.475 291.524 31.2985 7.4351 Springer,
240.151 291.524 23.3553 7.4351 Berlin,
265.889 291.524 8.4682 7.4351 pp
276.774 291.524 29.6387 7.4351 103–149

53.8583 301.502 14.8193 7.4351 107.
71.0361 301.502 43.2810 7.4351 Morgenstern
116.560 301.502 7.7569 7.4351 B,
126.595 301.502 23.0843 7.4351 Berger
151.937 301.502 8.0194 7.4351 W
162.254 301.502 22.5762 7.4351 (1993)
187.086 301.502 47.5998 7.4351 Investigations
236.975 301.502 18.8671 7.4351 about
258.065 301.502 37.2093 7.4351 dissolution
297.580 301.502 7.0540 7.4351 of
306.878 301.502 30.2230 7.4351 cellulose
339.362 301.502 6.6137 7.4351 in
348.263 301.502 10.3989 7.4351 the
360.905 301.502 24.6001 7.4351 lithium

71.0361 311.480 38.4287 7.4351 chloride/N,
111.855 311.480 76.4255 7.4351 N-dimethylformamide
190.715 311.480 25.6502 7.4351 system.
218.778 311.480 16.0303 7.4351 Acta
237.203 311.480 22.1359 7.4351 Polym
261.695 311.480 40.4865 7.4351 44:100–102

53.8583 321.402 14.8193 7.4351 108.
71.0361 321.402 17.4530 7.4351 Silva
92.2396 321.402 14.2774 7.4351 AA,
110.324 321.402 19.8241 7.4351 Laver
133.964 321.402 12.6938 7.4351 ML
150.406 321.402 22.5762 7.4351 (1997)
176.768 321.402 34.8975 7.4351 Molecular
215.490 321.402 23.0928 7.4351 weight
242.418 321.402 54.3574 7.4351 characterization
300.586 321.402 7.0540 7.4351 of
311.414 321.402 18.7825 7.4351 wood
333.977 321.402 15.0819 7.4351 pulp
352.856 321.402 32.6026 7.4351 cellulose:

71.0361 331.380 37.2093 7.4351 dissolution
110.608 331.380 12.2535 7.4351 and
125.235 331.380 13.2104 7.4351 size
140.882 331.380 32.5264 7.4351 exclusion
175.805 331.380 57.5584 7.4351 chromatographic
235.786 331.380 29.4355 7.4351 analysis.
267.591 331.380 19.8325 7.4351 Tappi
289.815 331.380 3.2603 7.4351 J
295.484 331.380 40.4865 7.4351 80:173–180

53.8583 341.358 14.8193 7.4351 109.
71.0361 341.358 26.4377 7.4351 Striegel
99.6095 341.358 6.0802 7.4351 A
107.772 341.358 22.5762 7.4351 (1998)
132.433 341.358 24.5070 7.4351 Theory
159.079 341.358 12.2535 7.4351 and
173.423 341.358 41.0708 7.4351 applications
216.623 341.358 7.0540 7.4351 of
225.750 341.358 41.4180 7.4351 DMAc/LiCl
269.347 341.358 6.6137 7.4351 in
278.021 341.358 10.3989 7.4351 the
290.551 341.358 27.3184 7.4351 analysis
319.974 341.358 7.0540 7.4351 of
329.159 341.358 56.3135 7.4351 polysaccharides.

71.0361 351.336 36.2354 7.4351 Carbohydr
109.644 351.336 22.1359 7.4351 Polym
134.192 351.336 40.4865 7.4351 34:267–274

53.8583 361.257 14.8193 7.4351 110.
71.0361 361.257 23.9735 7.4351 Kostag
98.8727 361.257 9.6114 7.4351 M,
112.366 361.257 24.5832 7.4351 Liebert
140.825 361.257 7.3165 7.4351 T,
152.051 361.257 7.5790 7.4351 El
163.502 361.257 21.1620 7.4351 Seoud
188.504 361.257 12.1603 7.4351 OA
204.548 361.257 6.1648 7.4351 et
214.583 361.257 6.1648 7.4351 al
224.617 361.257 22.5762 7.4351 (2013)
251.093 361.257 29.2576 7.4351 Efﬁcient
284.259 361.257 30.2230 7.4351 cellulose
318.388 361.257 26.8865 7.4351 solvent:
349.173 361.257 36.3116 7.4351 quaternary

71.0361 371.235 38.7081 7.4351 ammonium
112.138 371.235 33.2292 7.4351 chlorides.
147.741 371.235 35.3463 7.4351 Macromol
185.498 371.235 20.2729 7.4351 Rapid
208.175 371.235 31.5694 7.4351 Commun
242.134 371.235 48.9547 7.4351 34:1580–1584

53.8583 381.213 14.8193 7.4351 111.
71.0361 381.213 26.8696 7.4351 Gericke
100.289 381.213 9.6114 7.4351 M,
112.308 381.213 24.5832 7.4351 Liebert
139.294 381.213 7.3165 7.4351 T,
148.988 381.213 7.5790 7.4351 El
158.909 381.213 21.1620 7.4351 Seoud
182.493 381.213 12.1603 7.4351 OA
197.007 381.213 6.1648 7.4351 et
205.567 381.213 6.1648 7.4351 al
214.128 381.213 22.5762 7.4351 (2011)
239.073 381.213 28.8173 7.4351 Tailored
270.310 381.213 20.7979 7.4351 media
293.498 381.213 9.8739 7.4351 for
305.744 381.213 47.0832 7.4351 homogeneous
355.237 381.213 30.2230 7.4351 cellulose

71.0361 391.135 35.8713 7.4351 chemistry:
109.303 391.135 17.0126 7.4351 ionic
128.692 391.135 57.5668 7.4351 liquid/co-solvent
188.673 391.135 31.8235 7.4351 mixtures.
222.916 391.135 35.3463 7.4351 Macromol
260.673 391.135 20.2644 7.4351 Mater
283.294 391.135 13.6677 7.4351 Eng
299.337 391.135 44.7206 7.4351 296:483–493

53.8583 401.113 14.8193 7.4351 112.
71.0361 401.113 23.0843 7.4351 Berger
98.7592 401.113 10.1364 7.4351 W,
113.555 401.113 17.8848 7.4351 Keck
136.119 401.113 9.6114 7.4351 M,
150.349 401.113 24.5154 7.4351 Philipp
179.545 401.113 5.6398 7.4351 B
189.807 401.113 22.5762 7.4351 (1988)
217.020 401.113 10.3143 7.4351 On
231.986 401.113 10.3989 7.4351 the
247.067 401.113 38.6912 7.4351 mechanism
290.437 401.113 7.0540 7.4351 of
302.115 401.113 30.2230 7.4351 cellulose
337.038 401.113 37.2093 7.4351 dissolution
378.878 401.113 6.6137 7.4351 in

71.0361 411.091 40.4695 7.4351 nonaqueous
113.896 411.091 29.8843 7.4351 solvents,
146.154 411.091 34.0083 7.4351 especially
182.608 411.091 6.6137 7.4351 in
191.566 411.091 26.3446 7.4351 O-basic
220.310 411.091 28.9104 7.4351 systems.
251.661 411.091 20.7979 7.4351 Cellul
274.848 411.091 20.2729 7.4351 Chem
297.468 411.091 27.9307 7.4351 Technol
327.743 411.091 40.4865 7.4351 22:387–397

53.8583 421.069 14.8193 7.4351 113.
71.0361 421.069 23.6093 7.4351 Ciacco
96.7184 421.069 13.3967 7.4351 GT,
112.195 421.069 24.5832 7.4351 Liebert
138.841 421.069 11.9910 7.4351 TF,
152.901 421.069 25.4808 7.4351 Frollini
180.454 421.069 5.1995 7.4351 E
187.767 421.069 6.1648 7.4351 et
195.987 421.069 6.1648 7.4351 al
204.207 421.069 22.5762 7.4351 (2003)
228.868 421.069 40.1054 7.4351 Application
271.048 421.069 7.0540 7.4351 of
280.176 421.069 10.3989 7.4351 the
292.648 421.069 24.5070 7.4351 solvent
319.238 421.069 30.2399 7.4351 dimethyl
351.552 421.069 33.9405 7.4351 sulfoxide/

71.0361 430.990 74.1391 7.4351 tetrabutyl-ammonium
147.401 430.990 26.3615 7.4351 ﬂuoride
176.031 430.990 33.0514 7.4351 trihydrate
211.294 430.990 7.0455 7.4351 as
220.536 430.990 27.4031 7.4351 reaction
250.186 430.990 27.8604 7.4351 medium
280.290 430.990 9.8739 7.4351 for
292.366 430.990 10.3989 7.4351 the
304.951 430.990 47.0832 7.4351 homogeneous
354.274 430.990 31.1968 7.4351 acylation

71.0361 440.968 7.0540 7.4351 of
80.4468 440.968 16.4791 7.4351 Sisal
99.3258 440.968 32.3401 7.4351 cellulose.
134.078 440.968 32.0775 7.4351 Cellulose
168.547 440.968 40.4865 7.4351 10:125–132

53.8583 450.947 14.8193 7.4351 114.
71.0361 450.947 25.9127 7.4351 Sharma
99.3258 450.947 13.8370 7.4351 RK,
115.539 450.947 11.7285 7.4351 Fry
129.656 450.947 8.4597 7.4351 JL
140.484 450.947 22.5762 7.4351 (1983)
165.429 450.947 34.4656 7.4351 Instability
202.336 450.947 7.0540 7.4351 of
211.747 450.947 35.2701 7.4351 anhydrous
249.391 450.947 80.7443 7.4351 tetra-n-alkylammonium
332.617 450.947 31.7388 7.4351 ﬂuorides.
366.746 450.947 3.2603 7.4351 J
372.359 450.947 13.1342 7.4351 Org

71.0361 460.925 20.2729 7.4351 Chem
93.6563 460.925 49.0216 7.4351 48:2112–2114

53.8583 470.846 14.8193 7.4351 115.
71.0361 470.846 13.1426 7.4351 Sun
87.8742 470.846 8.1972 7.4351 H,
99.7797 470.846 32.4417 7.4351 DiMagno
136.006 470.846 10.7546 7.4351 SG
150.463 470.846 22.5762 7.4351 (2005)
176.769 470.846 37.5649 7.4351 Anhydrous
218.098 470.846 71.3192 7.4351 tetrabutylammonium
293.159 470.846 28.4786 7.4351 ﬂuoride.
325.361 470.846 3.2603 7.4351 J
332.335 470.846 12.6938 7.4351 Am
348.776 470.846 20.2729 7.4351 Chem
372.813 470.846 12.6938 7.4351 Soc

71.0361 480.824 53.1888 7.4351 127:2050–2051

53.8583 490.802 14.8193 7.4351 116.
71.0361 490.802 10.3007 7.4351 K€
77.1027 490.802 17.4530 7.4351 ohler
98.8727 490.802 6.7915 7.4351 S,
109.984 490.802 24.0497 7.4351 Heinze
138.331 490.802 5.1995 7.4351 T
147.855 490.802 22.5762 7.4351 (2007)
174.727 490.802 15.9456 7.4351 New
195.023 490.802 27.7672 7.4351 solvents
227.111 490.802 9.8739 7.4351 for
241.285 490.802 32.6026 7.4351 cellulose:
278.248 490.802 30.2399 7.4351 dimethyl
312.774 490.802 72.6487 7.4351 sulfoxide/ammonium

71.0369 500.723 31.7388 7.4351 ﬂuorides.
105.166 500.723 35.3463 7.4351 Macromol
142.923 500.723 21.6786 7.4351 Biosci
166.961 500.723 36.2524 7.4351 7:307–314

53.8592 510.702 14.8193 7.4351 117.
71.0369 510.702 31.5440 7.4351 Casarano
104.316 510.702 7.7569 7.4351 R,
113.783 510.702 16.9195 7.4351 Pires
132.435 510.702 18.5115 7.4351 PAR,
152.675 510.702 7.5790 7.4351 El
161.916 510.702 21.1620 7.4351 Seoud
184.820 510.702 12.1603 7.4351 OA
198.710 510.702 22.5762 7.4351 (2014)
222.975 510.702 33.4917 7.4351 Acylation
258.238 510.702 7.0540 7.4351 of
266.969 510.702 30.2230 7.4351 cellulose
298.944 510.702 6.6137 7.4351 in
307.277 510.702 3.7853 7.4351 a
312.776 510.702 18.8671 7.4351 novel
333.356 510.702 24.5070 7.4351 solvent
359.605 510.702 25.9127 7.4351 system:

71.0369 520.680 27.3353 7.4351 solution
100.744 520.680 7.0540 7.4351 of
110.154 520.680 98.3251 7.4351 dibenzyldimethylammonium
210.841 520.680 26.3615 7.4351 ﬂuoride
239.585 520.680 6.6137 7.4351 in
248.543 520.680 26.4462 7.4351 DMSO.
277.400 520.680 36.2354 7.4351 Carbohydr
316.065 520.680 22.1359 7.4351 Polym
340.556 520.680 44.7206 7.4351 101:444–450

53.8592 530.658 14.8193 7.4351 118.
71.0369 530.658 31.5525 7.4351 Burchard
104.996 530.658 8.0194 7.4351 W
115.427 530.658 22.5762 7.4351 (1993)
140.428 530.658 56.1357 7.4351 Macromolecular
199.049 530.658 37.7174 7.4351 association
239.187 530.658 41.2571 7.4351 phenomena.
282.897 530.658 6.0802 7.4351 A
291.401 530.658 32.6026 7.4351 neglected
326.437 530.658 15.0734 7.4351 ﬁeld
343.956 530.658 7.0540 7.4351 of
353.423 530.658 32.0606 7.4351 research?

71.0369 540.579 23.5331 7.4351 Trends
96.9454 540.579 22.1359 7.4351 Polym
121.493 540.579 10.8393 7.4351 Sci
134.703 540.579 36.2524 7.4351 1:192–198

53.8592 550.557 14.8193 7.4351 119.
71.0369 550.557 23.0928 7.4351 Schulz
96.3788 550.557 7.3165 7.4351 L,
105.903 550.557 31.5525 7.4351 Burchard
139.748 550.557 10.1364 7.4351 W,
152.108 550.557 10.3566 7.4351 D€
158.230 550.557 19.7478 7.4351 onges
180.227 550.557 5.6398 7.4351 R
188.108 550.557 22.5762 7.4351 (1998)
212.882 550.557 31.6372 7.4351 Evidence
246.785 550.557 7.0540 7.4351 of
256.082 550.557 52.3504 7.4351 supramolecular
310.734 550.557 32.9582 7.4351 structures
345.940 550.557 7.0540 7.4351 of
355.239 550.557 30.2230 7.4351 cellulose

71.0369 560.535 37.2770 7.4351 derivatives
110.779 560.535 6.6137 7.4351 in
119.850 560.535 29.4524 7.4351 solution.
151.768 560.535 9.4336 7.4351 In:
163.617 560.535 24.0497 7.4351 Heinze
190.149 560.535 7.3165 7.4351 T,
199.957 560.535 25.3707 7.4351 Glasser
227.794 560.535 14.0996 7.4351 WG
244.348 560.535 16.9195 7.4351 (eds)
263.737 560.535 32.0775 7.4351 Cellulose
298.263 560.535 39.6566 7.4351 derivatives:
340.442 560.535 45.0508 7.4351 modiﬁcation,

71.0369 570.513 56.4744 7.4351 characterization,
130.394 570.513 12.2535 7.4351 and
145.474 570.513 51.5629 7.4351 nanostructures,
199.900 570.513 10.8478 7.4351 vol
213.563 570.513 14.8193 7.4351 688,
231.195 570.513 16.3944 7.4351 ACS
250.413 570.513 39.0638 7.4351 symposium
292.310 570.513 21.4076 7.4351 series.
316.518 570.513 33.4833 7.4351 American
352.858 570.513 32.6026 7.4351 Chemical

71.0369 580.435 27.5894 7.4351 Society,
101.027 580.435 40.9946 7.4351 Washington
144.397 580.435 13.8370 7.4351 DC,
160.611 580.435 8.4682 7.4351 pp
171.440 580.435 29.6387 7.4351 218–238

53.8592 36.8647 8.4682 7.4351 48

351.723 36.8647 7.3165 7.4351 T.
361.417 36.8647 24.0497 7.4351 Heinze

53.8582 62.3692 14.8193 7.4351 120.
71.0359 62.3692 43.2810 7.4351 Morgenstern
117.750 62.3692 7.7569 7.4351 B,
128.919 62.3692 29.7733 7.4351 Kammer
162.085 62.3692 16.9195 7.4351 H-W
182.437 62.3692 22.5762 7.4351 (1999)
208.459 62.3692 10.3143 7.4351 On
222.235 62.3692 10.3989 7.4351 the
236.068 62.3692 35.9475 7.4351 particulate
275.470 62.3692 29.6980 7.4351 structure
308.635 62.3692 7.0540 7.4351 of
319.067 62.3692 30.2230 7.4351 cellulose
352.799 62.3692 32.7127 7.4351 solutions.

71.0359 72.3473 28.7411 7.4351 Polymer
102.160 72.3473 48.9547 7.4351 40:1299–1304

53.8582 82.3254 14.8193 7.4351 121.
71.0359 82.3254 26.3530 7.4351 Menger
102.443 82.3254 12.1688 7.4351 FM
119.678 82.3254 22.5762 7.4351 (1993)
147.344 82.3254 27.8519 7.4351 Enzyme
180.283 82.3254 32.1622 7.4351 reactivity
217.587 82.3254 16.4876 7.4351 from
239.130 82.3254 8.0194 7.4351 an
252.226 82.3254 25.4723 7.4351 organic
282.784 82.3254 40.7998 7.4351 perspective.
328.705 82.3254 13.6507 7.4351 Acc
347.414 82.3254 20.2729 7.4351 Chem
372.812 82.3254 12.6854 7.4351 Res

71.0359 92.3035 40.4865 7.4351 26:206–212

53.8582 102.224 14.8193 7.4351 122.
71.0359 102.224 36.2270 7.4351 Husemann
109.871 102.224 7.3165 7.4351 E,
119.735 102.224 22.6440 7.4351 Siefert
145.020 102.224 5.1995 7.4351 E
152.787 102.224 22.5762 7.4351 (1969)
177.902 102.224 65.1586 7.4351 N-Ethylpyridinium
245.595 102.224 27.8519 7.4351 chloride
276.039 102.224 7.0455 7.4351 as
285.676 102.224 24.5070 7.4351 solvent
312.775 102.224 12.2535 7.4351 and
327.629 102.224 27.4031 7.4351 reaction
357.620 102.224 27.8604 7.4351 medium

71.0359 112.202 9.8739 7.4351 for
83.2818 112.202 32.3401 7.4351 cellulose.
118.034 112.202 35.7951 7.4351 Makromol
156.188 112.202 20.2729 7.4351 Chem
178.865 112.202 44.7206 7.4351 128:288–291

53.8582 122.181 14.8193 7.4351 123.
71.0359 122.181 33.4070 7.4351 Swatloski
106.638 122.181 12.4313 7.4351 RP,
121.265 122.181 19.2990 7.4351 Spear
142.752 122.181 12.8717 7.4351 SK,
157.832 122.181 27.7672 7.4351 Holbrey
187.823 122.181 9.3404 7.4351 JD
199.331 122.181 6.1648 7.4351 et
207.722 122.181 6.1648 7.4351 al
216.055 122.181 22.5762 7.4351 (2002)
240.830 122.181 39.0553 7.4351 Dissolution
282.102 122.181 7.0540 7.4351 of
291.343 122.181 30.2230 7.4351 cellulose
323.771 122.181 15.0734 7.4351 with
341.063 122.181 17.0126 7.4351 ionic
360.281 122.181 25.2183 7.4351 liquids.

71.0359 132.102 3.2603 7.4351 J
76.6487 132.102 12.6938 7.4351 Am
91.7288 132.102 20.2729 7.4351 Chem
114.405 132.102 12.6938 7.4351 Soc
129.486 132.102 48.9547 7.4351 24:4974–4975

53.8582 142.080 14.8193 7.4351 124.
71.0359 142.080 33.4070 7.4351 Swatloski
106.752 142.080 12.4313 7.4351 RP,
121.548 142.080 23.9735 7.4351 Rogers
147.854 142.080 13.8370 7.4351 RD,
164.011 142.080 27.7672 7.4351 Holbrey
194.115 142.080 9.3404 7.4351 JD
205.793 142.080 22.5762 7.4351 (2003)
230.681 142.080 39.0553 7.4351 Dissolution
272.067 142.080 12.2535 7.4351 and
286.638 142.080 36.2270 7.4351 processing
325.189 142.080 7.0540 7.4351 of
334.600 142.080 30.2230 7.4351 cellulose
367.141 142.080 18.3421 7.4351 using

71.0359 152.058 17.0126 7.4351 ionic
90.8219 152.058 25.2183 7.4351 liquids,
118.771 152.058 30.2230 7.4351 cellulose
151.823 152.058 29.4524 7.4351 solution,
184.025 152.058 12.2535 7.4351 and
199.048 152.058 42.4765 7.4351 regenerating
244.347 152.058 32.3401 7.4351 cellulose.
279.496 152.058 21.6871 7.4351 World
303.931 152.058 21.2382 7.4351 Patent
327.969 152.058 42.3410 7.4351 2003029329
373.097 152.058 12.4313 7.4351 A2,

71.0359 162.036 8.4682 7.4351 10
81.8642 162.036 17.8933 7.4351 April
102.160 162.036 16.9364 7.4351 2003

53.8582 171.957 14.8193 7.4351 125.
71.0359 171.957 26.8696 7.4351 Gericke
99.8930 171.957 9.6114 7.4351 M,
111.458 171.957 24.5070 7.4351 Fardim
137.933 171.957 6.7915 7.4351 P,
146.664 171.957 24.0497 7.4351 Heinze
172.686 171.957 5.1995 7.4351 T
179.886 171.957 22.5762 7.4351 (2012)
204.377 171.957 17.4530 7.4351 Ionic
223.823 171.957 23.1012 7.4351 liquids
248.881 171.957 4.2341 7.4351 –
255.060 171.957 34.3894 7.4351 promising
291.458 171.957 10.8478 7.4351 but
304.213 171.957 39.6650 7.4351 challenging
345.883 171.957 27.7672 7.4351 solvents
375.647 171.957 9.8739 7.4351 for

71.0359 181.936 47.0832 7.4351 homogeneous
120.529 181.936 46.7953 7.4351 derivatization
169.738 181.936 7.0540 7.4351 of
179.149 181.936 32.3401 7.4351 cellulose.
213.902 181.936 35.3378 7.4351 Molecules
251.659 181.936 48.9547 7.4351 17:7458–7502

53.8582 191.914 14.8193 7.4351 126.
71.0359 191.914 7.5790 7.4351 El
80.9573 191.914 21.1620 7.4351 Seoud
104.428 191.914 14.2774 7.4351 OA,
121.039 191.914 33.9236 7.4351 Koschella
157.323 191.914 8.1972 7.4351 A,
167.868 191.914 21.2382 7.4351 Fidale
191.452 191.914 10.8393 7.4351 LC
204.604 191.914 6.1648 7.4351 et
213.108 191.914 6.1648 7.4351 al
221.612 191.914 22.5762 7.4351 (2007)
246.500 191.914 43.3657 7.4351 Applications
292.251 191.914 7.0540 7.4351 of
301.605 191.914 17.0126 7.4351 ionic
320.937 191.914 23.1012 7.4351 liquids
346.393 191.914 6.6137 7.4351 in
355.350 191.914 30.1468 7.4351 carbohy-

71.0359 201.892 17.0041 7.4351 drate
90.4247 201.892 35.8713 7.4351 chemistry:
128.692 201.892 3.7853 7.4351 a
134.871 201.892 27.2422 7.4351 window
164.522 201.892 7.0540 7.4351 of
173.933 201.892 46.9054 7.4351 opportunities.
223.256 201.892 67.9488 7.4351 Biomacromolecules
293.612 201.892 44.7206 7.4351 8:2629–2647

53.8582 211.813 14.8193 7.4351 127.
71.0359 211.813 13.6677 7.4351 Zhu
88.6108 211.813 6.7915 7.4351 S,
99.3257 211.813 12.2535 7.4351 Wu
115.483 211.813 8.1972 7.4351 Y,
127.615 211.813 17.8933 7.4351 Chen
149.442 211.813 6.0802 7.4351 Q
159.477 211.813 6.1648 7.4351 et
169.568 211.813 6.1648 7.4351 al
179.660 211.813 22.5762 7.4351 (2006)
206.135 211.813 39.0553 7.4351 Dissolution
249.166 211.813 7.0540 7.4351 of
260.108 211.813 30.2230 7.4351 cellulose
294.294 211.813 15.0734 7.4351 with
313.286 211.813 17.0126 7.4351 ionic
334.263 211.813 23.1012 7.4351 liquids
361.305 211.813 12.2535 7.4351 and
377.462 211.813 8.0194 7.4351 its

71.0359 221.791 40.1901 7.4351 application:
113.612 221.791 3.7853 7.4351 a
119.791 221.791 43.6282 7.4351 mini-review.
165.826 221.791 20.7047 7.4351 Green
188.957 221.791 20.2729 7.4351 Chem
211.577 221.791 36.2524 7.4351 8:325–327

53.8582 231.769 14.8193 7.4351 128.
71.0359 231.769 25.0235 7.4351 Barthel
98.6457 231.769 6.7915 7.4351 S,
108.056 231.769 24.0497 7.4351 Heinze
134.702 231.769 5.1995 7.4351 T
142.469 231.769 22.5762 7.4351 (2006)
167.641 231.769 33.4917 7.4351 Acylation
203.754 231.769 12.2535 7.4351 and
218.607 231.769 44.4157 7.4351 carbanilation
265.663 231.769 7.0540 7.4351 of
275.300 231.769 30.2230 7.4351 cellulose
308.126 231.769 6.6137 7.4351 in
317.366 231.769 17.0126 7.4351 ionic
336.982 231.769 25.2183 7.4351 liquids.
364.762 231.769 20.7047 7.4351 Green

71.0359 241.691 20.2729 7.4351 Chem
93.6562 241.691 36.2524 7.4351 8:301–306

53.8582 251.669 14.8193 7.4351 129.
71.0359 251.669 24.5832 7.4351 Liebert
100.629 251.669 5.1995 7.4351 T
110.778 251.669 22.5762 7.4351 (2008)
138.331 251.669 36.3201 7.4351 Innovative
179.660 251.669 29.6980 7.4351 concepts
214.356 251.669 9.8739 7.4351 for
229.209 251.669 10.3989 7.4351 the
244.573 251.669 26.3615 7.4351 shaping
275.924 251.669 12.2535 7.4351 and
293.158 251.669 42.9338 7.4351 modiﬁcation
341.120 251.669 7.0540 7.4351 of
353.139 251.669 32.3401 7.4351 cellulose.

71.0359 261.647 35.3463 7.4351 Macromol
108.793 261.647 19.7563 7.4351 Symp
130.903 261.647 36.2524 7.4351 262:28–38

53.8582 271.625 14.8193 7.4351 130.
71.0359 271.625 20.2729 7.4351 Ebner
93.0897 271.625 8.1972 7.4351 G,
103.011 271.625 32.9582 7.4351 Schiehser
137.763 271.625 6.7915 7.4351 S,
146.324 271.625 27.3269 7.4351 Potthast
175.407 271.625 6.0802 7.4351 A
183.231 271.625 6.1648 7.4351 et
191.168 271.625 6.1648 7.4351 al
199.105 271.625 22.5762 7.4351 (2008)
223.427 271.625 15.0734 7.4351 Side
240.265 271.625 27.4031 7.4351 reaction
269.462 271.625 7.0540 7.4351 of
278.249 271.625 30.2230 7.4351 cellulose
310.281 271.625 15.0734 7.4351 with
327.119 271.625 29.7149 7.4351 common
358.583 271.625 26.8865 7.4351 1-alkyl-

71.0359 281.546 95.8177 7.4351 3-methylimidazolium-based
169.284 281.546 17.0126 7.4351 ionic
188.673 281.546 25.2183 7.4351 liquids.
216.283 281.546 41.5111 7.4351 Tetrahedron
260.220 281.546 13.7439 7.4351 Lett
276.377 281.546 48.9547 7.4351 49:7322–7324

53.8582 291.524 14.8193 7.4351 131.
71.0359 291.524 22.5678 7.4351 Handy
96.4914 291.524 11.9910 7.4351 ST,
111.344 291.524 23.0928 7.4351 Okello
137.366 291.524 7.4944 7.4351 M
147.740 291.524 22.5762 7.4351 (2005)
173.196 291.524 13.2189 7.4351 The
189.296 291.524 34.3894 7.4351 2-position
226.601 291.524 7.0540 7.4351 of
236.522 291.524 43.0185 7.4351 imidazolium
282.443 291.524 17.0126 7.4351 ionic
302.399 291.524 25.4808 7.4351 liquids:
330.746 291.524 39.5888 7.4351 substitution
373.266 291.524 12.2535 7.4351 and

71.0359 301.502 34.1946 7.4351 exchange.
107.603 301.502 3.2603 7.4351 J
113.272 301.502 13.1342 7.4351 Org
128.750 301.502 20.2729 7.4351 Chem
151.427 301.502 48.9547 7.4351 70:1915–1918

53.8582 311.480 14.8193 7.4351 132.
71.0359 311.480 37.7258 7.4351 Erdmenger
110.948 311.480 7.3165 7.4351 T,
120.415 311.480 29.1645 7.4351 Haensch
151.766 311.480 7.7569 7.4351 C,
161.688 311.480 46.1178 7.4351 Hoogenboom
209.990 311.480 5.6398 7.4351 R
217.757 311.480 6.1648 7.4351 et
226.091 311.480 6.1648 7.4351 al
234.424 311.480 22.5762 7.4351 (2007)
259.142 311.480 48.9293 7.4351 Homogeneous
310.279 311.480 33.5849 7.4351 tritylation
346.052 311.480 7.0540 7.4351 of
355.237 311.480 30.2230 7.4351 cellulose

71.0359 321.402 6.6137 7.4351 in
79.9936 321.402 101.034 7.4351 1-butyl-3-methylimidazolium
183.514 321.402 29.9690 7.4351 chloride.
215.829 321.402 35.3463 7.4351 Macromol
253.586 321.402 21.6786 7.4351 Biosci
277.681 321.402 36.2524 7.4351 7:440–445

53.8582 331.380 14.8193 7.4351 133.
71.0359 331.380 21.1620 7.4351 Sobue
93.8831 331.380 8.1972 7.4351 H,
103.804 331.380 25.3792 7.4351 Kiessig
130.903 331.380 8.1972 7.4351 H,
140.824 331.380 16.3860 7.4351 Hess
158.966 331.380 6.0802 7.4351 K
166.733 331.380 22.5762 7.4351 (1939)
190.998 331.380 13.2189 7.4351 The
205.964 331.380 25.9127 7.4351 system:
233.574 331.380 57.9987 7.4351 cellulose-sodium
293.328 331.380 56.1399 7.4351 hydroxide-water
351.155 331.380 6.6137 7.4351 in
359.489 331.380 25.9974 7.4351 relation

71.0359 341.358 6.6137 7.4351 to
79.9936 341.358 10.3989 7.4351 the
92.8060 341.358 42.7390 7.4351 temperature.
137.933 341.358 5.1995 7.4351 Z
145.530 341.358 16.4029 7.4351 Phys
164.296 341.358 20.2729 7.4351 Chem
186.973 341.358 46.1263 7.4351 B43:309–328

53.8582 351.336 14.8193 7.4351 134.
71.0359 351.336 20.7132 7.4351 Isogai
94.5073 351.336 8.1972 7.4351 A,
105.392 351.336 20.7894 7.4351 Atalla
128.976 351.336 11.7200 7.4351 RH
143.433 351.336 22.5762 7.4351 (1998)
168.718 351.336 39.0553 7.4351 Dissolution
210.558 351.336 7.0540 7.4351 of
220.309 351.336 30.2230 7.4351 cellulose
253.304 351.336 6.6137 7.4351 in
262.658 351.336 27.7672 7.4351 aqueous
293.159 351.336 22.0258 7.4351 NaOH
317.933 351.336 32.7127 7.4351 solutions.
353.424 351.336 32.0775 7.4351 Cellulose

71.0359 361.257 36.2524 7.4351 5:309–319

53.8582 371.235 14.8193 7.4351 135.
71.0359 371.235 36.7520 7.4351 Yamashiki
109.530 371.235 7.3165 7.4351 T,
118.545 371.235 26.8781 7.4351 Kamide
147.118 371.235 8.1972 7.4351 K,
157.039 371.235 29.2576 7.4351 Okajima
187.994 371.235 6.0802 7.4351 K
195.818 371.235 22.5762 7.4351 (1990)
220.083 371.235 15.9456 7.4351 New
237.714 371.235 30.2230 7.4351 cellulose
269.689 371.235 15.5137 7.4351 ﬁber
286.924 371.235 16.4876 7.4351 from
305.122 371.235 27.7672 7.4351 aqueous
334.602 371.235 18.9434 7.4351 alkali
355.238 371.235 30.2230 7.4351 cellulose

71.0359 381.213 29.4524 7.4351 solution.
102.443 381.213 9.4336 7.4351 In:
113.782 381.213 30.5871 7.4351 Kennedy
146.324 381.213 10.0518 7.4351 JF,
158.343 381.213 25.9212 7.4351 Phillips
186.179 381.213 14.2774 7.4351 GO,
202.393 381.213 31.1968 7.4351 Williams
235.559 381.213 10.7546 7.4351 PA
248.258 381.213 16.9195 7.4351 (eds)
267.137 381.213 32.0775 7.4351 Cellulose
301.210 381.213 25.3792 7.4351 sources
328.536 381.213 12.2535 7.4351 and
342.709 381.213 42.7559 7.4351 exploitation.

71.0359 391.135 15.5984 7.4351 Ellis
89.0080 391.135 34.0337 7.4351 Horwood,
125.461 391.135 28.4870 7.4351 London,
156.303 391.135 8.4682 7.4351 pp
167.131 391.135 29.6387 7.4351 197–202

53.8582 401.113 14.8193 7.4351 136.
71.0359 401.113 36.7520 7.4351 Yamashiki
110.664 401.113 7.3165 7.4351 T,
120.812 401.113 23.5331 7.4351 Matsui
147.175 401.113 7.3165 7.4351 T,
157.323 401.113 21.6871 7.4351 Saitoh
181.872 401.113 7.4944 7.4351 M
192.190 401.113 6.1648 7.4351 et
201.204 401.113 6.1648 7.4351 al
210.219 401.113 22.5762 7.4351 (1990)
235.674 401.113 56.2119 7.4351 Characterization
294.748 401.113 7.0540 7.4351 of
304.670 401.113 30.2230 7.4351 cellulose
337.779 401.113 23.1690 7.4351 treated
363.801 401.113 8.4682 7.4351 by
375.083 401.113 10.3989 7.4351 the

71.0359 411.091 19.8241 7.4351 steam
93.1464 411.091 32.9752 7.4351 explosion
128.353 411.091 27.5979 7.4351 method.
158.230 411.091 13.6592 7.4351 Part
174.160 411.091 6.3511 7.4351 1.
182.778 411.091 31.5525 7.4351 Inﬂuence
216.623 411.091 7.0540 7.4351 of
225.921 411.091 30.2230 7.4351 cellulose
258.462 411.091 31.9844 7.4351 resources
292.705 411.091 8.4682 7.4351 on
303.477 411.091 27.3184 7.4351 changes
333.070 411.091 6.6137 7.4351 in
341.915 411.091 43.5689 7.4351 morphology,

71.0359 421.069 22.6440 7.4351 degree
96.0942 421.069 7.0540 7.4351 of
105.504 421.069 53.5952 7.4351 polymerization,
161.517 421.069 32.0945 7.4351 solubility
195.986 421.069 12.2535 7.4351 and
210.613 421.069 16.4876 7.4351 solid
229.492 421.069 31.8150 7.4351 structure.
263.735 421.069 8.4597 7.4351 Br
274.564 421.069 22.1359 7.4351 Polym
299.055 421.069 3.2603 7.4351 J
304.725 421.069 32.0183 7.4351 22:73–83

53.8582 430.990 14.8193 7.4351 137.
71.0359 430.990 36.7520 7.4351 Yamashiki
110.664 430.990 7.3165 7.4351 T,
120.812 430.990 23.5331 7.4351 Matsui
147.175 430.990 7.3165 7.4351 T,
157.323 430.990 21.6871 7.4351 Saitoh
181.872 430.990 7.4944 7.4351 M
192.190 430.990 6.1648 7.4351 et
201.204 430.990 6.1648 7.4351 al
210.219 430.990 22.5762 7.4351 (1990)
235.674 430.990 56.2119 7.4351 Characterization
294.748 430.990 7.0540 7.4351 of
304.670 430.990 30.2230 7.4351 cellulose
337.779 430.990 23.1690 7.4351 treated
363.801 430.990 8.4682 7.4351 by
375.083 430.990 10.3989 7.4351 the

71.0359 440.968 19.8241 7.4351 steam
93.6562 440.968 32.9752 7.4351 explosion
129.486 440.968 27.5979 7.4351 method.
159.873 440.968 13.6592 7.4351 Part
176.371 440.968 6.6137 7.4351 2:
185.781 440.968 19.3752 7.4351 effect
208.005 440.968 7.0540 7.4351 of
217.870 440.968 32.1622 7.4351 treatment
252.906 440.968 35.3547 7.4351 conditions
291.060 440.968 8.4682 7.4351 on
302.343 440.968 27.3184 7.4351 changes
332.503 440.968 6.6137 7.4351 in
341.914 440.968 43.5689 7.4351 morphology,

71.0359 450.947 22.6440 7.4351 degree
97.9648 450.947 7.0540 7.4351 of
109.303 450.947 53.5952 7.4351 polymerization,
167.187 450.947 32.0945 7.4351 solubility
203.584 450.947 6.6137 7.4351 in
214.469 450.947 27.7672 7.4351 aqueous
246.501 450.947 24.9558 7.4351 sodium
275.754 450.947 36.5064 7.4351 hydroxide,
316.573 450.947 12.2535 7.4351 and
333.071 450.947 52.3504 7.4351 supermolecular

71.0359 460.925 29.6980 7.4351 structure
103.124 460.925 7.0540 7.4351 of
112.535 460.925 12.6938 7.4351 soft
127.615 460.925 18.7825 7.4351 wood
148.818 460.925 15.0819 7.4351 pulp
166.223 460.925 22.1359 7.4351 during
190.772 460.925 19.8241 7.4351 steam
212.996 460.925 35.0922 7.4351 explosion.
250.470 460.925 8.4597 7.4351 Br
261.298 460.925 22.1359 7.4351 Polym
285.847 460.925 3.2603 7.4351 J
291.459 460.925 40.4865 7.4351 22:121–128

53.8582 470.846 14.8193 7.4351 138.
71.0359 470.846 36.7520 7.4351 Yamashiki
110.664 470.846 7.3165 7.4351 T,
120.812 470.846 23.5331 7.4351 Matsui
147.175 470.846 7.3165 7.4351 T,
157.323 470.846 21.6871 7.4351 Saitoh
181.872 470.846 7.4944 7.4351 M
192.190 470.846 6.1648 7.4351 et
201.204 470.846 6.1648 7.4351 al
210.219 470.846 22.5762 7.4351 (1990)
235.674 470.846 56.2119 7.4351 Characterization
294.748 470.846 7.0540 7.4351 of
304.670 470.846 30.2230 7.4351 cellulose
337.779 470.846 23.1690 7.4351 treated
363.801 470.846 8.4682 7.4351 by
375.083 470.846 10.3989 7.4351 the

71.0359 480.824 19.8241 7.4351 steam
93.8264 480.824 32.9752 7.4351 explosion
129.769 480.824 27.5979 7.4351 method.
160.270 480.824 13.6592 7.4351 Part
176.938 480.824 6.6137 7.4351 3:
186.462 480.824 19.3752 7.4351 effect
208.800 480.824 7.0540 7.4351 of
218.834 480.824 22.6440 7.4351 crystal
244.403 480.824 19.7478 7.4351 forms
267.137 480.824 33.0429 7.4351 (cellulose
303.137 480.824 4.9370 7.4351 I,
311.017 480.824 5.6398 7.4351 II
319.635 480.824 12.2535 7.4351 and
334.828 480.824 11.2796 7.4351 III)
349.058 480.824 7.0540 7.4351 of
359.036 480.824 26.4462 7.4351 original

71.0359 490.802 30.2230 7.4351 cellulose
103.067 490.802 8.4682 7.4351 on
113.386 490.802 27.3184 7.4351 changes
142.526 490.802 6.6137 7.4351 in
150.916 490.802 43.5689 7.4351 morphology,
196.328 490.802 22.6440 7.4351 degree
220.819 490.802 7.0540 7.4351 of
229.664 490.802 53.5952 7.4351 polymerization,
285.109 490.802 32.0945 7.4351 solubility
319.011 490.802 12.2535 7.4351 and
333.128 490.802 52.3504 7.4351 supermolecular

71.0359 500.723 29.6980 7.4351 structure
103.124 500.723 8.4682 7.4351 by
113.952 500.723 19.8241 7.4351 steam
136.176 500.723 35.0922 7.4351 explosion.
173.651 500.723 8.4597 7.4351 Br
184.536 500.723 22.1359 7.4351 Polym
209.027 500.723 3.2603 7.4351 J
214.640 500.723 40.4865 7.4351 22:201–212

53.8582 510.702 14.8193 7.4351 139.
71.0359 510.702 36.7520 7.4351 Yamashiki
110.210 510.702 7.3165 7.4351 T,
119.961 510.702 23.5331 7.4351 Matsui
145.983 510.702 7.3165 7.4351 T,
155.734 510.702 31.4594 7.4351 Kowsaka
189.637 510.702 6.0802 7.4351 K
198.141 510.702 6.1648 7.4351 et
206.758 510.702 6.1648 7.4351 al
215.318 510.702 22.5762 7.4351 (1992)
240.377 510.702 15.9456 7.4351 New
258.745 510.702 16.4706 7.4351 class
277.681 510.702 7.0540 7.4351 of
287.148 510.702 30.2230 7.4351 cellulose
319.803 510.702 15.5137 7.4351 ﬁber
337.775 510.702 15.9626 7.4351 spun
356.200 510.702 16.4876 7.4351 from
375.079 510.702 10.3989 7.4351 the

71.0359 520.680 18.8671 7.4351 novel
92.2962 520.680 27.3353 7.4351 solution
122.003 520.680 7.0540 7.4351 of
131.414 520.680 30.2230 7.4351 cellulose
164.069 520.680 8.4682 7.4351 by
174.897 520.680 12.2450 7.4351 wet
189.524 520.680 29.1899 7.4351 spinning
221.102 520.680 27.5979 7.4351 method.
251.093 520.680 3.2603 7.4351 J
256.706 520.680 16.9279 7.4351 Appl
276.038 520.680 22.1359 7.4351 Polym
300.530 520.680 10.8393 7.4351 Sci
313.796 520.680 40.4865 7.4351 44:691–698

53.8582 530.658 14.8193 7.4351 140.
71.0359 530.658 17.9018 7.4351 Zhou
91.5019 530.658 5.3773 7.4351 J,
99.3824 530.658 21.6871 7.4351 Zhang
123.647 530.658 5.1995 7.4351 L
131.414 530.658 22.5762 7.4351 (2000)
156.529 530.658 33.5087 7.4351 Solubility
192.642 530.658 7.0540 7.4351 of
202.223 530.658 30.2230 7.4351 cellulose
235.048 530.658 6.6137 7.4351 in
244.176 530.658 24.9558 7.4351 sodium
271.729 530.658 51.3935 7.4351 hydroxide/urea
325.701 530.658 27.7672 7.4351 aqueous
356.032 530.658 29.4524 7.4351 solution.

71.0359 540.579 22.1359 7.4351 Polym
95.5277 540.579 3.2603 7.4351 J
101.197 540.579 40.4865 7.4351 32:866–870

53.8582 550.557 14.8193 7.4351 141.
71.0359 550.557 11.8047 7.4351 Cai
85.2092 550.557 5.3773 7.4351 J,
92.9195 550.557 21.6871 7.4351 Zhang
116.957 550.557 5.1995 7.4351 L
124.497 550.557 22.5762 7.4351 (2005)
149.442 550.557 20.2729 7.4351 Rapid
172.062 550.557 37.2093 7.4351 dissolution
211.634 550.557 7.0540 7.4351 of
220.988 550.557 30.2230 7.4351 cellulose
253.586 550.557 6.6137 7.4351 in
262.544 550.557 36.7435 7.4351 LiOH/urea
301.719 550.557 12.2535 7.4351 and
316.289 550.557 39.0299 7.4351 NaOH/urea
357.731 550.557 27.7672 7.4351 aqueous

71.0359 560.535 32.7127 7.4351 solutions.
106.129 560.535 35.3463 7.4351 Macromol
143.886 560.535 21.6786 7.4351 Biosci
167.924 560.535 36.2524 7.4351 5:539–548

53.8582 570.513 14.8193 7.4351 142.
71.0359 570.513 11.8047 7.4351 Cai
85.4361 570.513 5.3773 7.4351 J,
93.4868 570.513 11.8131 7.4351 Liu
107.887 570.513 8.1972 7.4351 Y,
118.715 570.513 21.6871 7.4351 Zhang
143.036 570.513 5.1995 7.4351 L
150.860 570.513 22.5762 7.4351 (2006)
176.089 570.513 21.2382 7.4351 Dilute
199.956 570.513 27.3353 7.4351 solution
229.947 570.513 33.9321 7.4351 properties
266.515 570.513 7.0540 7.4351 of
276.209 570.513 30.2230 7.4351 cellulose
309.091 570.513 6.6137 7.4351 in
318.331 570.513 36.7435 7.4351 LiOH/urea
357.733 570.513 27.7672 7.4351 aqueous

71.0359 580.435 25.6502 7.4351 system.
99.0420 580.435 3.2603 7.4351 J
104.711 580.435 22.1359 7.4351 Polym
129.203 580.435 10.8393 7.4351 Sci
142.412 580.435 5.6398 7.4351 B
150.463 580.435 22.1359 7.4351 Polym
174.955 580.435 16.4029 7.4351 Phys
193.777 580.435 48.9547 7.4351 44:3093–3101

53.8582 36.9782 34.4571 7.4351 Cellulose:
90.7084 36.9782 31.1122 7.4351 Structure
124.213 36.9782 12.2535 7.4351 and
138.897 36.9782 34.3724 7.4351 Properties

377.064 36.9782 8.4682 7.4351 49

53.8582 62.3692 14.8193 7.4351 143.
71.0359 62.3692 15.5984 7.4351 Egal
88.6676 62.3692 9.6114 7.4351 M,
100.289 62.3692 28.7411 7.4351 Budtova
131.073 62.3692 7.3165 7.4351 T,
140.427 62.3692 24.9388 7.4351 Navard
167.413 62.3692 4.6744 7.4351 P
174.103 62.3692 22.5762 7.4351 (2008)
198.707 62.3692 13.2189 7.4351 The
213.958 62.3692 37.2093 7.4351 dissolution
253.189 62.3692 7.0540 7.4351 of
262.317 62.3692 55.2550 7.4351 microcrystalline
319.634 62.3692 30.2230 7.4351 cellulose
351.892 62.3692 6.6137 7.4351 in
360.566 62.3692 24.9558 7.4351 sodium

71.0359 72.3473 51.8339 7.4351 hydroxide-urea
125.290 72.3473 27.7672 7.4351 aqueous
155.451 72.3473 32.7127 7.4351 solutions.
190.544 72.3473 32.0775 7.4351 Cellulose
225.013 72.3473 40.4865 7.4351 15:361–370

53.8582 82.3254 14.8193 7.4351 144.
71.0359 82.3254 11.8047 7.4351 Cai
86.4565 82.3254 5.3773 7.4351 J,
95.4142 82.3254 21.6871 7.4351 Zhang
120.699 82.3254 7.3165 7.4351 L,
131.641 82.3254 11.8131 7.4351 Liu
147.061 82.3254 4.6744 7.4351 S
155.338 82.3254 6.1648 7.4351 et
165.089 82.3254 6.1648 7.4351 al
174.840 82.3254 22.5762 7.4351 (2008)
201.033 82.3254 31.1122 7.4351 Dynamic
235.785 82.3254 46.6174 7.4351 self-assembly
286.072 82.3254 26.8865 7.4351 induced
316.573 82.3254 17.4530 7.4351 rapid
337.606 82.3254 37.2093 7.4351 dissolution
378.425 82.3254 7.0540 7.4351 of

71.0359 92.3035 30.2230 7.4351 cellulose
103.634 92.3035 6.1648 7.4351 at
112.194 92.3035 12.6938 7.4351 low
127.275 92.3035 45.9993 7.4351 temperatures.
175.691 92.3035 56.5760 7.4351 Macromolecules
234.708 92.3035 48.9547 7.4351 41:9345–9351

53.8582 102.224 14.8193 7.4351 145.
71.0359 102.224 11.8047 7.4351 Cai
84.6426 102.224 5.3773 7.4351 J,
91.8423 102.224 21.6871 7.4351 Zhang
115.369 102.224 5.1995 7.4351 L
122.399 102.224 22.5762 7.4351 (2006)
146.778 102.224 24.9473 7.4351 Unique
173.537 102.224 27.4116 7.4351 gelation
202.791 102.224 29.7064 7.4351 behavior
234.312 102.224 7.0540 7.4351 of
243.213 102.224 30.2230 7.4351 cellulose
275.244 102.224 6.6137 7.4351 in
283.691 102.224 40.8760 7.4351 NaOH/Urea
326.438 102.224 27.7672 7.4351 aqueous
356.032 102.224 29.4524 7.4351 solution.

71.0359 112.202 67.9488 7.4351 Biomacromolecules
141.392 112.202 36.2524 7.4351 7:183–189

53.8582 122.181 14.8193 7.4351 146.
71.0359 122.181 8.4597 7.4351 Qi
81.2977 122.181 8.1972 7.4351 H,
91.3325 122.181 22.1274 7.4351 Chang
115.256 122.181 13.8370 7.4351 CY,
130.961 122.181 21.6871 7.4351 Zhang
154.432 122.181 5.1995 7.4351 L
161.462 122.181 22.5762 7.4351 (2008)
185.897 122.181 24.0497 7.4351 Effects
211.749 122.181 7.0540 7.4351 of
220.650 122.181 40.6220 7.4351 temperature
263.113 122.181 12.2535 7.4351 and
277.229 122.181 34.0168 7.4351 molecular
313.059 122.181 23.0928 7.4351 weight
338.004 122.181 8.4682 7.4351 on
348.266 122.181 37.2093 7.4351 dissolution

71.0359 132.102 7.0540 7.4351 of
80.4467 132.102 30.2230 7.4351 cellulose
113.101 132.102 6.6137 7.4351 in
122.059 132.102 39.0299 7.4351 NaOH/urea
163.501 132.102 27.7672 7.4351 aqueous
193.662 132.102 29.4524 7.4351 solution.
225.523 132.102 32.0775 7.4351 Cellulose
259.992 132.102 40.4865 7.4351 15:779–787

53.8582 142.080 14.8193 7.4351 147.
71.0359 142.080 11.8131 7.4351 Liu
85.0957 142.080 6.7915 7.4351 S,
94.1101 142.080 21.6871 7.4351 Zhang
118.034 142.080 5.1995 7.4351 L
125.517 142.080 22.5762 7.4351 (2009)
150.292 142.080 24.0497 7.4351 Effects
176.654 142.080 7.0540 7.4351 of
185.952 142.080 28.3007 7.4351 polymer
216.509 142.080 46.2702 7.4351 concentration
265.039 142.080 12.2535 7.4351 and
279.552 142.080 39.6650 7.4351 coagulation
321.505 142.080 40.6220 7.4351 temperature
364.422 142.080 8.4682 7.4351 on
375.080 142.080 10.3989 7.4351 the

71.0359 152.058 33.9321 7.4351 properties
109.644 152.058 7.0540 7.4351 of
121.379 152.058 39.6481 7.4351 regenerated
165.713 152.058 30.2230 7.4351 cellulose
200.635 152.058 16.9279 7.4351 ﬁlms
222.235 152.058 29.6980 7.4351 prepared
256.647 152.058 16.4876 7.4351 from
277.794 152.058 36.7435 7.4351 LiOH/urea
319.237 152.058 29.4524 7.4351 solution.
353.366 152.058 32.0775 7.4351 Cellulose

71.0359 162.036 40.4865 7.4351 16:189–198

53.8582 171.957 14.8193 7.4351 148.
71.0359 171.957 11.8047 7.4351 Cai
84.9255 171.957 5.3773 7.4351 J,
92.4088 171.957 21.6871 7.4351 Zhang
116.219 171.957 7.3165 7.4351 L,
125.630 171.957 22.1274 7.4351 Chang
149.895 171.957 5.6398 7.4351 C
157.662 171.957 6.1648 7.4351 et
165.939 171.957 6.1648 7.4351 al
174.215 171.957 22.5762 7.4351 (2007)
198.877 171.957 83.3186 7.4351 Hydrogen-bond-induced
284.370 171.957 31.1206 7.4351 inclusion
317.592 171.957 29.2661 7.4351 complex
349.000 171.957 6.6137 7.4351 in
357.731 171.957 27.7672 7.4351 aqueous

71.0359 181.936 69.3461 7.4351 cellulose/LiOH/urea
142.809 181.936 27.3353 7.4351 solution
172.573 181.936 6.1648 7.4351 at
181.076 181.936 12.6938 7.4351 low
196.157 181.936 42.7390 7.4351 temperature.
241.341 181.936 56.9486 7.4351 ChemPhysChem
300.699 181.936 44.7206 7.4351 8:1572–1579

53.8582 191.914 14.8193 7.4351 149.
71.0359 191.914 17.8933 7.4351 Ruan
90.6517 191.914 8.1972 7.4351 D,
100.573 191.914 13.2189 7.4351 Lue
115.539 191.914 8.1972 7.4351 A,
125.461 191.914 21.6871 7.4351 Zhang
148.875 191.914 5.1995 7.4351 L
155.792 191.914 22.5762 7.4351 (2008)
180.114 191.914 29.2576 7.4351 Gelation
211.125 191.914 32.9667 7.4351 behaviors
245.821 191.914 7.0540 7.4351 of
254.608 191.914 30.2230 7.4351 cellulose
286.583 191.914 27.3353 7.4351 solution
315.667 191.914 32.0013 7.4351 dissolved
349.399 191.914 6.6137 7.4351 in
357.732 191.914 27.7672 7.4351 aqueous

71.0359 201.892 52.2573 7.4351 NaOH/thiourea
125.688 201.892 6.1648 7.4351 at
134.248 201.892 12.6938 7.4351 low
149.328 201.892 42.7390 7.4351 temperature.
194.513 201.892 28.7411 7.4351 Polymer
225.638 201.892 48.9547 7.4351 49:1027–1036

53.8582 211.813 14.8193 7.4351 150.
71.0359 211.813 21.6701 7.4351 Balser
95.3007 211.813 8.1972 7.4351 K,
106.129 211.813 22.5678 7.4351 Hoppe
131.300 211.813 7.3165 7.4351 L,
141.165 211.813 22.2036 7.4351 Eicher
165.996 211.813 5.1995 7.4351 T
173.763 211.813 6.1648 7.4351 et
182.551 211.813 6.1648 7.4351 al
191.338 211.813 22.5762 7.4351 (1986)
216.510 211.813 32.0775 7.4351 Cellulose
251.206 211.813 21.4076 7.4351 esters.
275.187 211.813 9.4336 7.4351 In:
287.206 211.813 29.6895 7.4351 Gerhartz
319.577 211.813 10.1364 7.4351 W,
332.276 211.813 37.7258 7.4351 Yamamoto
372.641 211.813 12.8717 7.4351 YS,

71.0359 221.791 33.0514 7.4351 Campbell
106.809 221.791 9.8739 7.4351 FT
119.394 221.791 6.1648 7.4351 et
128.238 221.791 6.1648 7.4351 al
137.082 221.791 16.9195 7.4351 (eds)
156.755 221.791 38.9774 7.4351 Ullmanns’s
198.425 221.791 44.8561 7.4351 encyclopedia
246.047 221.791 7.0540 7.4351 of
255.798 221.791 32.0860 7.4351 industrial
290.551 221.791 35.6088 7.4351 chemistry,
328.932 221.791 10.8478 7.4351 vol
342.482 221.791 12.4313 7.4351 A5,
357.562 221.791 10.8478 7.4351 5th
371.112 221.791 14.3705 7.4351 edn.

71.0368 231.769 43.5350 7.4351 Wiley-VCH,
116.958 231.769 37.5480 7.4351 Weinheim,
156.926 231.769 4.2341 7.4351 p
163.559 231.769 12.7023 7.4351 419

53.8590 241.691 14.8193 7.4351 151.
71.0368 241.691 23.0928 7.4351 Brandt
96.7750 241.691 5.1995 7.4351 L
104.598 241.691 22.5762 7.4351 (1986)
129.827 241.691 32.0775 7.4351 Cellulose
164.579 241.691 22.3815 7.4351 ethers.
189.638 241.691 9.4336 7.4351 In:
201.657 241.691 29.6895 7.4351 Gerhartz
234.028 241.691 10.1364 7.4351 W,
246.840 241.691 37.7258 7.4351 Yamamoto
287.206 241.691 12.8717 7.4351 YS,
302.740 241.691 33.0514 7.4351 Campbell
338.456 241.691 9.8739 7.4351 FT
350.985 241.691 6.1648 7.4351 et
359.772 241.691 6.1648 7.4351 al
368.560 241.691 16.9195 7.4351 (eds)

71.0368 251.669 35.6884 7.4351 Ullmann’s
109.700 251.669 44.8561 7.4351 encyclopedia
157.549 251.669 7.0540 7.4351 of
167.527 251.669 32.0860 7.4351 industrial
202.564 251.669 35.6088 7.4351 chemistry,
241.172 251.669 10.8478 7.4351 vol
254.948 251.669 12.4313 7.4351 A5,
270.312 251.669 10.8478 7.4351 5th
284.088 251.669 14.3705 7.4351 edn.
301.436 251.669 43.5350 7.4351 Wiley-VCH,
347.924 251.669 37.5480 7.4351 Weinheim,

71.0368 261.647 4.2341 7.4351 p
77.6132 261.647 12.7023 7.4351 461

53.8590 271.625 14.8193 7.4351 152.
71.0368 271.625 12.2535 7.4351 Wu
85.8900 271.625 5.3773 7.4351 J,
93.8840 271.625 21.6871 7.4351 Zhang
118.205 271.625 5.3773 7.4351 J,
126.199 271.625 21.6871 7.4351 Zhang
150.521 271.625 6.0802 7.4351 H
159.195 271.625 6.1648 7.4351 et
167.982 271.625 6.1648 7.4351 al
176.769 271.625 22.5762 7.4351 (2004)
201.998 271.625 48.9293 7.4351 Homogeneous
253.589 271.625 37.3617 7.4351 acetylation
293.557 271.625 7.0540 7.4351 of
303.251 271.625 30.2230 7.4351 cellulose
336.133 271.625 6.6137 7.4351 in
345.375 271.625 3.7853 7.4351 a
351.781 271.625 14.0996 7.4351 new
368.506 271.625 17.0126 7.4351 ionic

71.0368 281.546 21.9580 7.4351 liquid.
95.3583 281.546 67.9488 7.4351 Biomacromolecules
165.771 281.546 36.2524 7.4351 5:266–268

53.8590 291.524 14.8193 7.4351 153.
71.0368 291.524 19.7478 7.4351 Klohr
92.7501 291.524 13.3967 7.4351 EA,
108.170 291.524 18.3337 7.4351 Koch
128.523 291.524 10.1364 7.4351 W,
140.655 291.524 25.4723 7.4351 Klemm
168.095 291.524 6.0802 7.4351 D
176.202 291.524 6.1648 7.4351 et
184.366 291.524 6.1648 7.4351 al
192.530 291.524 22.5762 7.4351 (2000)
217.078 291.524 43.3572 7.4351 Manufacture
262.489 291.524 7.0540 7.4351 of
271.503 291.524 53.9526 7.4351 regioselectively
327.403 291.524 36.7605 7.4351 substituted
366.181 291.524 19.2906 7.4351 esters

71.0368 301.502 7.0540 7.4351 of
80.4475 301.502 20.2813 7.4351 oligo-
103.124 301.502 12.2535 7.4351 and
117.751 301.502 56.3135 7.4351 polysaccharides.
176.485 301.502 11.2796 7.4351 DE
190.147 301.502 21.2382 7.4351 Patent
213.788 301.502 35.9898 7.4351 19951734,
252.169 301.502 8.4682 7.4351 07
262.998 301.502 15.0734 7.4351 Sept
280.459 301.502 16.9364 7.4351 2000

53.8590 311.480 14.8193 7.4351 154.
71.0368 311.480 26.8865 7.4351 Ibrahim
101.253 311.480 14.2774 7.4351 AA,
118.828 311.480 17.8848 7.4351 Nada
140.089 311.480 21.7717 7.4351 AMA,
165.204 311.480 36.7520 7.4351 Hagemann
205.285 311.480 6.0802 7.4351 U
214.696 311.480 6.1648 7.4351 et
224.163 311.480 6.1648 7.4351 al
233.688 311.480 22.5762 7.4351 (1996)
259.596 311.480 39.1316 7.4351 Preparation
302.059 311.480 7.0540 7.4351 of
312.434 311.480 34.8297 7.4351 dissolving
350.589 311.480 15.0819 7.4351 pulp
369.014 311.480 16.4876 7.4351 from

71.0368 321.402 33.9236 7.4351 sugarcane
106.753 321.402 28.4616 7.4351 bagasse,
137.026 321.402 12.2535 7.4351 and
151.086 321.402 8.0194 7.4351 its
160.837 321.402 37.3617 7.4351 acetylation
200.012 321.402 19.3075 7.4351 under
221.102 321.402 47.1619 7.4351 homogeneous
270.029 321.402 27.3353 7.4351 solution
299.112 321.402 34.2115 7.4351 condition.
335.112 321.402 50.3350 7.4351 Holzforschung

71.0368 331.380 40.4865 7.4351 50:221–225

53.8590 341.358 14.8193 7.4351 155.
71.0368 341.358 24.0497 7.4351 Heinze
98.0791 341.358 7.3165 7.4351 T,
108.340 341.358 24.5832 7.4351 Liebert
135.893 341.358 11.9910 7.4351 TF,
150.860 341.358 25.9042 7.4351 Pfeiffer
179.717 341.358 10.7546 7.4351 KS
193.437 341.358 6.1648 7.4351 et
202.564 341.358 6.1648 7.4351 al
211.692 341.358 22.5762 7.4351 (2003)
237.261 341.358 54.2134 7.4351 Unconventional
294.465 341.358 30.2230 7.4351 cellulose
327.687 341.358 21.6701 7.4351 esters:
352.348 341.358 33.1445 7.4351 synthesis,

71.0368 351.336 56.4744 7.4351 characterization,
129.940 351.336 12.2535 7.4351 and
144.567 351.336 29.6980 7.4351 structure
176.656 351.336 28.7411 7.4351 property
207.837 351.336 31.3747 7.4351 relations.
241.569 351.336 32.0775 7.4351 Cellulose
276.095 351.336 40.4865 7.4351 10:283–296

53.8590 361.257 14.8193 7.4351 156.
71.0368 361.257 30.2230 7.4351 Takaragi
103.521 361.257 8.1972 7.4351 A,
113.952 361.257 26.3615 7.4351 Minoda
142.526 361.257 9.6114 7.4351 M,
154.374 361.257 35.3547 7.4351 Miyamoto
192.019 361.257 5.1995 7.4351 T
199.446 361.257 6.1648 7.4351 et
207.836 361.257 6.1648 7.4351 al
216.226 361.257 22.5762 7.4351 (1999)
241.057 361.257 30.2230 7.4351 Reaction
273.542 361.257 48.6244 7.4351 characteristics
324.452 361.257 7.0540 7.4351 of
333.750 361.257 30.2230 7.4351 cellulose
366.234 361.257 6.6137 7.4351 in
375.079 361.257 10.3989 7.4351 the

71.0368 371.235 24.6001 7.4351 lithium
98.0224 371.235 139.022 7.4351 chloride/1,3-dimethyl-2-imidazolidinone
239.528 371.235 24.5070 7.4351 solvent
266.400 371.235 25.6502 7.4351 system.
294.463 371.235 32.0775 7.4351 Cellulose
328.933 371.235 32.0183 7.4351 6:93–102

53.8590 381.213 14.8193 7.4351 157.
71.0368 381.213 24.0497 7.4351 Heinze
98.3061 381.213 7.3165 7.4351 T,
108.793 381.213 25.3707 7.4351 Glasser
137.367 381.213 14.0996 7.4351 WG
154.658 381.213 22.5762 7.4351 (1998)
180.453 381.213 13.2189 7.4351 The
196.837 381.213 13.2189 7.4351 role
213.278 381.213 7.0540 7.4351 of
223.483 381.213 18.8671 7.4351 novel
245.537 381.213 27.7672 7.4351 solvents
276.549 381.213 12.2535 7.4351 and
291.969 381.213 27.3353 7.4351 solution
322.527 381.213 36.3116 7.4351 complexes
362.042 381.213 9.8739 7.4351 for
375.081 381.213 10.3989 7.4351 the

71.0368 391.135 38.6912 7.4351 preparation
112.138 391.135 7.0540 7.4351 of
121.549 391.135 21.6955 7.4351 highly
145.644 391.135 37.2770 7.4351 engineered
185.329 391.135 30.2230 7.4351 cellulose
217.927 391.135 39.3941 7.4351 derivatives.
259.767 391.135 16.3944 7.4351 ACS
278.533 391.135 19.7563 7.4351 Symp
300.700 391.135 11.2796 7.4351 Ser
314.362 391.135 32.0183 7.4351 688:2–18

53.8590 401.113 14.8193 7.4351 158.
71.0368 401.113 24.0497 7.4351 Heinze
97.4559 401.113 7.3165 7.4351 T,
107.150 401.113 24.5832 7.4351 Liebert
134.135 401.113 7.3165 7.4351 T,
143.830 401.113 33.9236 7.4351 Koschella
180.170 401.113 6.0802 7.4351 A
188.674 401.113 22.5762 7.4351 (2006)
213.619 401.113 45.2964 7.4351 Esteriﬁcation
261.297 401.113 7.0540 7.4351 of
270.765 401.113 56.3135 7.4351 polysaccharides.
329.498 401.113 31.2985 7.4351 Springer,
363.174 401.113 21.2382 7.4351 Berlin

53.8590 411.091 14.8193 7.4351 159.
71.0368 411.091 18.8587 7.4351 Staab
94.3379 411.091 12.1603 7.4351 HA
110.892 411.091 22.5762 7.4351 (1962)
137.878 411.091 15.9456 7.4351 New
158.287 411.091 28.7411 7.4351 methods
191.452 411.091 7.0540 7.4351 of
202.904 411.091 38.2424 7.4351 preparative
245.594 411.091 25.4723 7.4351 organic
275.471 411.091 33.4917 7.4351 chemistry
313.399 411.091 11.0171 7.4351 IV.
328.876 411.091 33.8474 7.4351 Syntheses
367.144 411.091 18.3421 7.4351 using

71.0368 421.069 41.5873 7.4351 heterocyclic
115.030 421.069 24.0582 7.4351 amides
141.506 421.069 35.6003 7.4351 (azolides).
179.490 421.069 24.4138 7.4351 Angew
206.306 421.069 20.2729 7.4351 Chem
228.983 421.069 9.4336 7.4351 Int
240.775 421.069 9.4336 7.4351 Ed
252.623 421.069 36.2524 7.4351 1:351–367

53.8590 430.990 14.8193 7.4351 160.
71.0368 430.990 26.8696 7.4351 Gericke
100.744 430.990 9.6114 7.4351 M,
113.160 430.990 24.5832 7.4351 Liebert
140.599 430.990 7.3165 7.4351 T,
150.691 430.990 24.0497 7.4351 Heinze
177.620 430.990 5.1995 7.4351 T
185.614 430.990 22.5762 7.4351 (2009)
211.012 430.990 36.8367 7.4351 Interaction
250.698 430.990 7.0540 7.4351 of
260.562 430.990 17.0126 7.4351 ionic
280.405 430.990 23.1012 7.4351 liquids
306.313 430.990 15.0734 7.4351 with
324.229 430.990 54.1965 7.4351 polysaccharides
381.262 430.990 4.2341 7.4351 –

71.0368 440.968 6.3511 7.4351 8.
82.8288 440.968 32.4417 7.4351 Synthesis
120.756 440.968 7.0540 7.4351 of
133.285 440.968 30.2230 7.4351 cellulose
169.002 440.968 25.9042 7.4351 sulfates
200.409 440.968 26.4377 7.4351 suitable
232.328 440.968 9.8739 7.4351 for
247.635 440.968 28.7411 7.4351 symplex
281.878 440.968 35.6172 7.4351 formation.
322.980 440.968 35.3463 7.4351 Macromol
363.799 440.968 21.6786 7.4351 Biosci

71.0368 450.947 36.2524 7.4351 9:343–353

53.8590 460.925 14.8193 7.4351 161.
71.0368 460.925 20.2729 7.4351 Wang
94.0542 460.925 17.6308 7.4351 Z-M,
114.406 460.925 7.5790 7.4351 Li
124.725 460.925 7.3165 7.4351 L,
134.816 460.925 16.4791 7.4351 Xiao
154.035 460.925 12.1603 7.4351 K-J
168.945 460.925 6.1648 7.4351 et
177.846 460.925 6.1648 7.4351 al
186.747 460.925 22.5762 7.4351 (2009)
212.089 460.925 48.9293 7.4351 Homogeneous
263.793 460.925 29.7064 7.4351 sulfation
296.221 460.925 7.0540 7.4351 of
306.029 460.925 26.3446 7.4351 bagasse
335.112 460.925 30.2230 7.4351 cellulose
368.108 460.925 6.6137 7.4351 in
377.462 460.925 8.0194 7.4351 an

71.0368 470.846 17.0126 7.4351 ionic
90.4256 470.846 19.8410 7.4351 liquid
112.649 470.846 12.2535 7.4351 and
127.276 470.846 52.4436 7.4351 anticoagulation
182.155 470.846 27.6741 7.4351 activity.
212.203 470.846 33.4070 7.4351 Bioresour
248.033 470.846 27.8519 7.4351 Technol
278.250 470.846 53.1888 7.4351 100:1687–1690

53.8590 480.824 14.8193 7.4351 162.
71.0368 480.824 26.8696 7.4351 Gericke
102.217 480.824 9.6114 7.4351 M,
116.050 480.824 24.5832 7.4351 Liebert
144.964 480.824 7.3165 7.4351 T,
156.529 480.824 24.0497 7.4351 Heinze
184.875 480.824 5.1995 7.4351 T
194.343 480.824 22.5762 7.4351 (2009)
221.158 480.824 51.4697 7.4351 Polyelectrolyte
276.944 480.824 31.0275 7.4351 synthesis
312.264 480.824 12.2535 7.4351 and
328.818 480.824 6.6137 7.4351 in
339.704 480.824 12.2535 7.4351 situ
356.201 480.824 29.2661 7.4351 complex

71.0368 490.802 33.5002 7.4351 formation
106.923 490.802 6.6137 7.4351 in
115.881 490.802 17.0126 7.4351 ionic
135.326 490.802 25.2183 7.4351 liquids.
162.936 490.802 3.2603 7.4351 J
168.549 490.802 12.6938 7.4351 Am
183.629 490.802 20.2729 7.4351 Chem
206.306 490.802 12.6938 7.4351 Soc
221.329 490.802 61.7239 7.4351 131:13220–13221

53.8590 500.723 14.8193 7.4351 163.
71.0368 500.723 54.2812 7.4351 Petzold-Welcke
127.219 500.723 8.1972 7.4351 K,
137.198 500.723 33.4833 7.4351 Michaelis
172.574 500.723 8.1972 7.4351 N,
182.609 500.723 24.0497 7.4351 Heinze
208.518 500.723 5.1995 7.4351 T
215.548 500.723 22.5762 7.4351 (2009)
239.926 500.723 54.2134 7.4351 Unconventional
296.052 500.723 30.2230 7.4351 cellulose
328.084 500.723 29.1814 7.4351 products
359.152 500.723 26.3700 7.4351 through

71.0368 510.702 42.0446 7.4351 nucleophilic
115.483 510.702 44.8561 7.4351 displacement
162.766 510.702 32.7804 7.4351 reactions.
197.972 510.702 35.3463 7.4351 Macromol
235.673 510.702 19.7563 7.4351 Symp
257.841 510.702 36.2524 7.4351 280:72–85

53.8590 520.680 14.8193 7.4351 164.
71.0368 520.680 24.0497 7.4351 Heinze
97.7963 520.680 7.3165 7.4351 T,
107.774 520.680 54.2812 7.4351 Petzold-Welcke
164.751 520.680 6.0802 7.4351 K
173.538 520.680 22.5762 7.4351 (2012)
198.766 520.680 23.6093 7.4351 Recent
225.072 520.680 31.1037 7.4351 advances
258.918 520.680 6.6137 7.4351 in
268.159 520.680 30.2230 7.4351 cellulose
301.098 520.680 35.6088 7.4351 chemistry.
339.422 520.680 9.4336 7.4351 In:
351.555 520.680 23.0928 7.4351 Habibi
377.293 520.680 8.1972 7.4351 Y,

71.0368 530.658 19.3837 7.4351 Lucia
92.2403 530.658 11.2796 7.4351 LA
105.393 530.658 16.9195 7.4351 (eds)
124.101 530.658 51.3766 7.4351 Polysaccharide
177.393 530.658 28.3092 7.4351 building
207.496 530.658 24.5756 7.4351 blocks:
233.859 530.658 3.7853 7.4351 a
239.471 530.658 37.7174 7.4351 sustainable
279.043 530.658 31.1122 7.4351 approach
312.039 530.658 6.6137 7.4351 to
320.486 530.658 10.3989 7.4351 the
332.675 530.658 43.8991 7.4351 development
378.483 530.658 7.0540 7.4351 of

71.0368 540.579 34.8890 7.4351 renewable
108.340 540.579 44.1532 7.4351 biomaterials.
154.885 540.579 22.9149 7.4351 Wiley,
180.227 540.579 33.1530 7.4351 Hoboken,
215.774 540.579 8.4682 7.4351 pp
226.602 540.579 16.9364 7.4351 1–50

53.8590 550.557 14.8193 7.4351 165.
71.0368 550.557 25.4723 7.4351 Klemm
102.331 550.557 6.0802 7.4351 D
114.236 550.557 22.5762 7.4351 (1998)
142.639 550.557 44.3395 7.4351 Regiocontrol
192.812 550.557 6.6137 7.4351 in
205.285 550.557 30.2230 7.4351 cellulose
241.342 550.557 35.8713 7.4351 chemistry:
283.068 550.557 33.4917 7.4351 principles
322.413 550.557 12.2535 7.4351 and
340.498 550.557 32.0775 7.4351 examples
378.425 550.557 7.0540 7.4351 of

71.0368 560.535 44.8561 7.4351 etheriﬁcation
120.076 560.535 12.2535 7.4351 and
136.517 560.535 45.9993 7.4351 esteriﬁcation.
186.747 560.535 9.4336 7.4351 In:
200.353 560.535 24.0497 7.4351 Heinze
228.586 560.535 10.5768 7.4351 TJ,
243.383 560.535 25.3707 7.4351 Glasser
272.920 560.535 11.2796 7.4351 EG
288.397 560.535 16.9195 7.4351 (eds)
309.487 560.535 32.0775 7.4351 Cellulose
345.771 560.535 39.6566 7.4351 derivatives:

71.0368 570.513 45.0508 7.4351 modiﬁcation,
119.849 570.513 55.9494 7.4351 characterisation,
179.660 570.513 12.2535 7.4351 and
195.647 570.513 51.5629 7.4351 nanostructures,
251.036 570.513 10.8478 7.4351 vol
265.606 570.513 14.8193 7.4351 688.
284.201 570.513 33.4833 7.4351 American
321.505 570.513 32.6026 7.4351 Chemical
357.903 570.513 27.5894 7.4351 Society,

71.0368 580.435 40.9946 7.4351 Washington
114.406 580.435 13.8370 7.4351 DC,
130.620 580.435 8.4682 7.4351 pp
141.505 580.435 21.1705 7.4351 19–37

53.8590 36.8647 8.4682 7.4351 50

351.722 36.8647 7.3165 7.4351 T.
361.417 36.8647 24.0497 7.4351 Heinze

53.8582 62.3692 14.8193 7.4351 166.
71.0359 62.3692 19.8241 7.4351 Wenz
94.2803 62.3692 8.1972 7.4351 G,
105.902 62.3692 26.4462 7.4351 Liepold
135.836 62.3692 6.7915 7.4351 P,
146.041 62.3692 32.9667 7.4351 Bordeanu
182.438 62.3692 6.0802 7.4351 N
191.962 62.3692 22.5762 7.4351 (2005)
217.984 62.3692 32.4417 7.4351 Synthesis
253.871 62.3692 12.2535 7.4351 and
269.575 62.3692 18.2490 7.4351 SAM
291.232 62.3692 33.5002 7.4351 formation
328.195 62.3692 7.0540 7.4351 of
338.683 62.3692 18.8502 7.4351 water
360.964 62.3692 24.5070 7.4351 soluble

71.0359 72.3473 34.4656 7.4351 functional
107.886 72.3473 86.8160 7.4351 carboxymethylcelluloses:
197.177 72.3473 39.1316 7.4351 thiosulfates
238.676 72.3473 12.2535 7.4351 and
253.360 72.3473 35.6088 7.4351 thioethers.
291.344 72.3473 32.0775 7.4351 Cellulose
325.814 72.3473 32.0183 7.4351 12:85–96

53.8582 82.3254 14.8193 7.4351 167.
71.0359 82.3254 15.0649 7.4351 Arai
89.5178 82.3254 8.1972 7.4351 K,
101.196 82.3254 16.9279 7.4351 Aoki
121.548 82.3254 4.6744 7.4351 F
129.656 82.3254 22.5762 7.4351 (1994)
155.678 82.3254 39.1316 7.4351 Preparation
198.311 82.3254 12.2535 7.4351 and
214.015 82.3254 44.8645 7.4351 identiﬁcation
262.374 82.3254 7.0540 7.4351 of
272.862 82.3254 24.9558 7.4351 sodium
301.266 82.3254 84.1739 7.4351 deoxycellulosesulfonate.

71.0359 92.3035 17.7993 7.4351 Sen’i
91.2182 92.3035 34.3724 7.4351 Gakkaishi
128.011 92.3035 40.4865 7.4351 50:510–514

53.8574 102.224 14.8193 7.4351 168.
71.0351 102.224 15.0649 7.4351 Arai
88.6667 102.224 8.1972 7.4351 K,
99.4383 102.224 18.3337 7.4351 Yoda
120.301 102.224 6.0802 7.4351 N
128.975 102.224 22.5762 7.4351 (1998)
154.090 102.224 39.1316 7.4351 Preparation
195.816 102.224 7.0540 7.4351 of
205.454 102.224 46.1771 7.4351 water-soluble
254.266 102.224 24.9558 7.4351 sodium
281.762 102.224 50.9447 7.4351 deoxycellulose
335.337 102.224 31.1122 7.4351 sulfonate
369.013 102.224 16.4876 7.4351 from

71.0351 112.202 53.6969 7.4351 homogeneously
127.104 112.202 29.6980 7.4351 prepared
159.250 112.202 16.4876 7.4351 tosyl
178.072 112.202 32.3401 7.4351 cellulose.
212.824 112.202 32.0775 7.4351 Cellulose
247.350 112.202 27.7842 7.4351 5:51–58

53.8574 122.181 14.8193 7.4351 169.
71.0351 122.181 11.8131 7.4351 Liu
85.6055 122.181 7.7569 7.4351 C,
96.1501 122.181 32.5264 7.4351 Baumann
131.413 122.181 6.0802 7.4351 H
140.314 122.181 22.5762 7.4351 (2002)
165.656 122.181 33.4917 7.4351 Exclusive
201.939 122.181 12.2535 7.4351 and
216.963 122.181 31.1968 7.4351 complete
250.922 122.181 41.5281 7.4351 introduction
295.256 122.181 7.0540 7.4351 of
305.064 122.181 21.2467 7.4351 amino
329.101 122.181 23.0166 7.4351 groups
354.896 122.181 12.2535 7.4351 and
369.920 122.181 15.5984 7.4351 their

71.0351 132.102 25.8280 7.4351 N-sulfo
100.458 132.102 12.2535 7.4351 and
116.389 132.102 59.8532 7.4351 N-carboxymethyl
179.885 132.102 23.0166 7.4351 groups
206.531 132.102 13.2273 7.4351 into
223.369 132.102 10.3989 7.4351 the
237.372 132.102 34.3894 7.4351 6-position
275.413 132.102 7.0540 7.4351 of
286.071 132.102 30.2230 7.4351 cellulose
319.973 132.102 25.9212 7.4351 without
349.511 132.102 10.3989 7.4351 the
363.570 132.102 11.2796 7.4351 use
378.424 132.102 7.0540 7.4351 of

71.0351 142.080 34.4656 7.4351 protecting
107.885 142.080 25.1336 7.4351 groups.
135.381 142.080 36.2354 7.4351 Carbohydr
174.046 142.080 12.6854 7.4351 Res
189.126 142.080 53.1888 7.4351 337:1297–1307

53.8574 152.058 14.8193 7.4351 170.
71.0351 152.058 24.0497 7.4351 Heinze
97.6244 152.058 5.1995 7.4351 T
105.278 152.058 22.5762 7.4351 (1998)
130.392 152.058 15.9456 7.4351 New
148.818 152.058 17.0126 7.4351 ionic
168.377 152.058 31.5610 7.4351 polymers
202.449 152.058 8.4682 7.4351 by
213.391 152.058 30.2230 7.4351 cellulose
246.160 152.058 59.7601 7.4351 functionalization.
308.465 152.058 35.3463 7.4351 Macromol
346.336 152.058 20.2729 7.4351 Chem
369.126 152.058 16.4029 7.4351 Phys

71.0351 162.036 53.1888 7.4351 199:2341–2364

53.8574 171.957 14.8193 7.4351 171.
71.0351 171.957 33.9236 7.4351 Koschella
108.622 171.957 8.1972 7.4351 A,
120.471 171.957 24.0497 7.4351 Heinze
148.194 171.957 5.1995 7.4351 T
157.039 171.957 22.5762 7.4351 (2001)
183.287 171.957 20.7132 7.4351 Novel
207.666 171.957 53.8408 7.4351 regioselectively
265.209 171.957 55.7038 7.4351 6-functionalized
324.623 171.957 26.9627 7.4351 cationic
355.238 171.957 30.2230 7.4351 cellulose

71.0351 181.936 54.2896 7.4351 polyelectrolytes
127.728 181.936 29.6980 7.4351 prepared
159.816 181.936 10.3989 7.4351 via
172.628 181.936 30.2230 7.4351 cellulose
205.227 181.936 36.4895 7.4351 sulfonates.
244.175 181.936 35.3463 7.4351 Macromol
281.875 181.936 21.6786 7.4351 Biosci
305.970 181.936 36.2524 7.4351 1:178–184

53.8574 191.914 14.8193 7.4351 172.
71.0351 191.914 24.0497 7.4351 Heinze
96.8301 191.914 7.3165 7.4351 T,
105.844 191.914 33.9236 7.4351 Koschella
141.560 191.914 8.1972 7.4351 A,
151.482 191.914 62.2159 7.4351 Magdaleno-Maiza
215.489 191.914 5.1995 7.4351 L
222.405 191.914 6.1648 7.4351 et
230.343 191.914 6.1648 7.4351 al
238.223 191.914 22.5762 7.4351 (2001)
262.545 191.914 43.8907 7.4351 Nucleophilic
308.182 191.914 44.8561 7.4351 displacement
354.784 191.914 30.6634 7.4351 reactions

71.0351 201.892 8.4682 7.4351 on
81.8634 201.892 16.4876 7.4351 tosyl
100.742 201.892 30.2230 7.4351 cellulose
133.340 201.892 8.4682 7.4351 by
144.225 201.892 19.3837 7.4351 chiral
165.995 201.892 26.1752 7.4351 amines.
194.569 201.892 22.1359 7.4351 Polym
219.060 201.892 14.6330 7.4351 Bull
236.068 201.892 27.7842 7.4351 46:7–13

53.8574 211.813 14.8193 7.4351 173.
71.0351 211.813 21.5939 7.4351 Knaus
97.9640 211.813 6.7915 7.4351 S,
110.096 211.813 16.9195 7.4351 Mais
132.433 211.813 8.1972 7.4351 U,
145.983 211.813 23.0928 7.4351 Binder
174.443 211.813 14.0996 7.4351 WH
193.889 211.813 22.5762 7.4351 (2003)
221.838 211.813 34.5587 7.4351 Synthesis,
261.750 211.813 54.3574 7.4351 characterization
321.505 211.813 12.2535 7.4351 and
339.136 211.813 33.9321 7.4351 properties
378.424 211.813 7.0540 7.4351 of

71.0351 221.791 77.2130 7.4351 methylaminocellulose.
150.688 221.791 32.0775 7.4351 Cellulose
185.157 221.791 40.4865 7.4351 10:139–150

53.8574 231.769 14.8193 7.4351 174.
71.0351 231.769 18.9434 7.4351 Tiller
93.5986 231.769 5.3773 7.4351 J,
102.556 231.769 21.2382 7.4351 Berlin
127.444 231.769 6.7915 7.4351 P,
137.818 231.769 25.4723 7.4351 Klemm
166.901 231.769 6.0802 7.4351 D
176.596 231.769 22.5762 7.4351 (1999)
202.788 231.769 25.9212 7.4351 Soluble
232.325 231.769 12.2535 7.4351 and
248.199 231.769 43.8229 7.4351 ﬁlm-forming
295.651 231.769 30.2230 7.4351 cellulose
329.497 231.769 37.2770 7.4351 derivatives
370.430 231.769 15.0734 7.4351 with

71.0351 241.691 66.4669 7.4351 redox-chromogenic
142.071 241.691 12.2535 7.4351 and
158.796 241.691 26.4377 7.4351 enzyme
189.807 241.691 45.8468 7.4351 immobilizing
240.207 241.691 75.7226 7.4351 1,4-phenylenediamine
320.485 241.691 25.1336 7.4351 groups.
350.136 241.691 35.3463 7.4351 Macromol

71.0351 251.669 20.2729 7.4351 Chem
93.6554 251.669 16.4029 7.4351 Phys
112.477 251.669 27.7842 7.4351 200:1–9

53.8574 261.647 14.8193 7.4351 175.
71.0351 261.647 18.9434 7.4351 Tiller
92.8619 261.647 5.3773 7.4351 J,
101.138 261.647 21.2382 7.4351 Berlin
125.290 261.647 6.7915 7.4351 P,
134.984 261.647 25.4723 7.4351 Klemm
163.387 261.647 6.0802 7.4351 D
172.345 261.647 22.5762 7.4351 (2000)
197.800 261.647 20.7132 7.4351 Novel
221.441 261.647 28.8088 7.4351 matrices
253.189 261.647 9.8739 7.4351 for
265.945 261.647 32.4417 7.4351 biosensor
301.321 261.647 37.8105 7.4351 application
342.027 261.647 8.4682 7.4351 by
353.423 261.647 32.0775 7.4351 structural

71.0351 271.625 22.1274 7.4351 design
95.5268 271.625 7.0540 7.4351 of
104.937 271.625 66.5524 7.4351 redox-chromogenic
173.876 271.625 51.4697 7.4351 aminocellulose
227.734 271.625 21.4076 7.4351 esters.
251.545 271.625 3.2603 7.4351 J
257.215 271.625 16.9279 7.4351 Appl
276.490 271.625 22.1359 7.4351 Polym
301.039 271.625 10.8393 7.4351 Sci
314.248 271.625 40.4865 7.4351 75:904–915

53.8574 281.546 14.8193 7.4351 176.
71.0351 281.546 21.2382 7.4351 Berlin
94.6190 281.546 6.7915 7.4351 P,
103.803 281.546 25.4723 7.4351 Klemm
131.640 281.546 8.1972 7.4351 D,
142.241 281.546 18.9434 7.4351 Tiller
163.557 281.546 3.2603 7.4351 J
169.170 281.546 6.1648 7.4351 et
177.731 281.546 6.1648 7.4351 al
186.234 281.546 22.5762 7.4351 (2000)
211.236 281.546 6.0802 7.4351 A
219.683 281.546 18.8671 7.4351 novel
240.886 281.546 24.5070 7.4351 soluble
267.815 281.546 51.4697 7.4351 aminocellulose
321.674 281.546 34.0168 7.4351 derivative
358.071 281.546 17.0126 7.4351 type:
377.460 281.546 8.0194 7.4351 its

71.0351 291.524 37.7174 7.4351 transparent
111.400 291.524 43.8229 7.4351 ﬁlm-forming
157.832 291.524 33.9321 7.4351 properties
194.399 291.524 12.2535 7.4351 and
209.253 291.524 8.0194 7.4351 its
219.854 291.524 27.8434 7.4351 efﬁcient
250.355 291.524 29.7149 7.4351 coupling
282.669 291.524 15.0734 7.4351 with
300.358 291.524 26.4377 7.4351 enzyme
329.384 291.524 27.3269 7.4351 proteins
359.375 291.524 9.8739 7.4351 for
371.848 291.524 13.6677 7.4351 bio-

71.0351 301.502 26.9712 7.4351 sensors.
100.402 301.502 35.3463 7.4351 Macromol
138.159 301.502 20.2729 7.4351 Chem
160.779 301.502 16.4029 7.4351 Phys
179.601 301.502 53.1888 7.4351 201:2070–2082

53.8574 311.480 14.8193 7.4351 177.
71.0351 311.480 21.2382 7.4351 Berlin
94.1660 311.480 6.7915 7.4351 P,
102.840 311.480 25.4723 7.4351 Klemm
130.166 311.480 8.1972 7.4351 D,
140.257 311.480 15.9626 7.4351 Jung
158.116 311.480 6.0802 7.4351 A
166.053 311.480 6.1648 7.4351 et
174.104 311.480 6.1648 7.4351 al
182.154 311.480 22.5762 7.4351 (2003)
206.589 311.480 46.2025 7.4351 Film-forming
254.722 311.480 51.4697 7.4351 aminocellulose
308.126 311.480 37.2770 7.4351 derivatives
347.301 311.480 7.0455 7.4351 as
356.202 311.480 29.2576 7.4351 enzyme-

71.0351 321.402 37.8105 7.4351 compatible
111.230 321.402 25.3961 7.4351 support
139.010 321.402 28.8088 7.4351 matrices
170.247 321.402 9.8739 7.4351 for
182.493 321.402 32.4417 7.4351 biosensor
217.359 321.402 49.2765 7.4351 developments.
269.007 321.402 32.0775 7.4351 Cellulose
303.532 321.402 40.4865 7.4351 10:343–367

53.8574 331.380 14.8193 7.4351 178.
71.0351 331.380 24.0497 7.4351 Becher
97.2272 331.380 5.3773 7.4351 J,
104.767 331.380 32.6110 7.4351 Liebegott
139.576 331.380 8.1972 7.4351 H,
149.951 331.380 21.2382 7.4351 Berlin
173.365 331.380 4.6744 7.4351 P
180.169 331.380 6.1648 7.4351 et
188.502 331.380 6.1648 7.4351 al
196.836 331.380 22.5762 7.4351 (2004)
221.554 331.380 20.7132 7.4351 Novel
244.457 331.380 29.2661 7.4351 xylylene
275.865 331.380 58.0834 7.4351 diaminocellulose
336.187 331.380 37.2770 7.4351 derivatives
375.645 331.380 9.8739 7.4351 for

71.0351 341.358 26.4377 7.4351 enzyme
99.8354 341.358 54.1287 7.4351 immobilization.
156.414 341.358 32.0775 7.4351 Cellulose
190.883 341.358 40.4865 7.4351 11:119–126

53.8574 351.336 14.8193 7.4351 179.
71.0351 351.336 15.9626 7.4351 Jung
90.1969 351.336 8.1972 7.4351 A,
101.592 351.336 21.2382 7.4351 Berlin
126.027 351.336 4.6744 7.4351 P
133.908 351.336 22.5762 7.4351 (2005)
159.703 351.336 15.9456 7.4351 New
178.864 351.336 46.1771 7.4351 water-soluble
228.301 351.336 12.2535 7.4351 and
243.778 351.336 43.8229 7.4351 ﬁlm-forming
290.777 351.336 51.5392 7.4351 aminocellulose
345.542 351.336 29.6980 7.4351 tosylates
378.424 351.336 7.0455 7.4351 as

71.0351 361.257 26.4377 7.4351 enzyme
99.8354 361.257 25.3961 7.4351 support
127.615 361.257 28.8088 7.4351 matrices
158.852 361.257 15.0734 7.4351 with
176.314 361.257 9.8739 7.4351 Cu
186.179 359.381 6.7448 4.9562 2+
192.925 361.254 34.0168 7.4351 -chelating
229.379 361.254 36.0491 7.4351 properties.
267.817 361.254 32.0775 7.4351 Cellulose
302.287 361.254 32.0183 7.4351 12:67–84

53.8586 371.232 14.8193 7.4351 180.
71.0363 371.232 16.4791 7.4351 Dam
90.4819 371.232 5.3773 7.4351 J,
98.7587 371.232 24.9473 7.4351 Schuck
126.651 371.232 4.6744 7.4351 P
134.304 371.232 22.5762 7.4351 (2005)
159.816 371.232 49.0986 7.4351 Sedimentation
211.860 371.232 27.4116 7.4351 velocity
242.248 371.232 27.3184 7.4351 analysis
272.521 371.232 7.0540 7.4351 of
282.500 371.232 49.0842 7.4351 heterogeneous
334.487 371.232 50.9532 7.4351 protein-protein

71.0363 381.210 42.0361 7.4351 interactions:
116.447 381.210 47.6844 7.4351 sedimentation
167.471 381.210 35.8628 7.4351 coefﬁcient
206.702 381.210 42.4087 7.4351 distributions
252.510 381.210 12.6854 7.4351 c(s)
268.497 381.210 12.2535 7.4351 and
284.088 381.210 37.2855 7.4351 asymptotic
324.737 381.210 32.0098 7.4351 boundary
360.114 381.210 25.3877 7.4351 proﬁles

71.0363 391.131 16.4876 7.4351 from
89.9153 391.131 52.2657 7.4351 Gilbert-Jenkins
144.567 391.131 23.8041 7.4351 theory.
170.759 391.131 28.2160 7.4351 Biophys
201.373 391.131 3.2603 7.4351 J
206.986 391.131 40.4865 7.4351 89:651–666

53.8586 401.109 14.8193 7.4351 181.
71.0363 401.109 24.0497 7.4351 Heinze
97.6824 401.109 7.3165 7.4351 T,
107.547 401.109 35.3463 7.4351 Nikolajski
145.474 401.109 9.6114 7.4351 M,
157.663 401.109 17.3598 7.4351 Daus
177.619 401.109 4.6744 7.4351 S
184.876 401.109 6.1648 7.4351 et
193.606 401.109 6.1648 7.4351 al
202.337 401.109 22.5762 7.4351 (2011)
227.509 401.109 40.1054 7.4351 Protein-like
270.199 401.109 53.3327 7.4351 oligomerisation
326.155 401.109 7.0540 7.4351 of
335.736 401.109 49.7083 7.4351 carbohydrates.

71.0363 411.087 24.4138 7.4351 Angew
97.8517 411.087 20.2729 7.4351 Chem
120.472 411.087 9.4336 7.4351 Int
132.320 411.087 9.4336 7.4351 Ed
144.112 411.087 48.9547 7.4351 50:8602–8604

53.8586 421.066 14.8193 7.4351 182.
71.0363 421.066 26.3530 7.4351 Ferrone
100.006 421.066 12.8717 7.4351 FA,
115.483 421.066 35.3378 7.4351 Hofrichter
153.410 421.066 5.3773 7.4351 J,
161.404 421.066 19.8325 7.4351 Eaton
183.854 421.066 14.0996 7.4351 WA
200.522 421.066 22.5762 7.4351 (1985)
225.694 421.066 28.2838 7.4351 Kinetics
256.592 421.066 7.0540 7.4351 of
266.286 421.066 19.8241 7.4351 sickle
288.680 421.066 40.5627 7.4351 hemoglobin
331.880 421.066 53.5952 7.4351 polymerization.

71.0363 430.987 7.7569 7.4351 II.
81.1846 430.987 6.0802 7.4351 A
89.6316 430.987 23.1012 7.4351 double
115.087 430.987 35.4309 7.4351 nucleation
152.957 430.987 40.8083 7.4351 mechanism.
196.158 430.987 3.2603 7.4351 J
201.770 430.987 14.1080 7.4351 Mol
218.268 430.987 14.6330 7.4351 Biol
235.276 430.987 44.7206 7.4351 183:611–631

53.8586 440.965 14.8193 7.4351 183.
71.0363 440.965 14.1842 7.4351 Teif
88.2141 440.965 13.8370 7.4351 VB,
105.052 440.965 24.5070 7.4351 Bohinc
132.548 440.965 6.0802 7.4351 K
141.562 440.965 22.5762 7.4351 (2011)
167.131 440.965 37.6411 7.4351 Condensed
207.780 440.965 20.6201 7.4351 DNA:
231.421 440.965 38.6150 7.4351 condensing
273.034 440.965 10.3989 7.4351 the
286.414 440.965 31.8150 7.4351 concepts.
321.223 440.965 15.9626 7.4351 Prog
340.215 440.965 28.2160 7.4351 Biophys
371.397 440.965 14.1080 7.4351 Mol

71.0363 450.943 14.6330 7.4351 Biol
88.0439 450.943 44.7206 7.4351 105:208–222

53.8586 460.921 14.8193 7.4351 184.
71.0363 460.921 35.3463 7.4351 Nikolajski
108.453 460.921 9.6114 7.4351 M,
120.132 460.921 24.0497 7.4351 Heinze
146.267 460.921 7.3165 7.4351 T,
155.678 460.921 23.9735 7.4351 Adams
181.757 460.921 12.1603 7.4351 GG
195.987 460.921 6.1648 7.4351 et
204.207 460.921 6.1648 7.4351 al
212.427 460.921 22.5762 7.4351 (2014)
237.088 460.921 41.5196 7.4351 Protein–like
280.742 460.921 16.0472 7.4351 fully
298.826 460.921 33.4833 7.4351 reversible
334.429 460.921 51.0209 7.4351 tetramerisation

71.0363 470.842 12.2535 7.4351 and
85.6634 470.842 58.8709 7.4351 super-association
146.948 470.842 7.0540 7.4351 of
156.416 470.842 8.0194 7.4351 an
166.790 470.842 53.5868 7.4351 aminocellulose.
222.803 470.842 10.8393 7.4351 Sci
236.012 470.842 13.6592 7.4351 Rep
252.056 470.842 23.5501 7.4351 4:3861

53.8586 480.821 14.8193 7.4351 185.
71.0363 480.821 24.5832 7.4351 Liebert
99.1558 480.821 7.3165 7.4351 T,
109.984 480.821 9.8655 7.4351 Ha
116.617 480.650 18.7452 7.4351 ¨nsch
138.897 480.821 7.7569 7.4351 C,
150.180 480.821 24.0497 7.4351 Heinze
177.789 480.821 5.1995 7.4351 T
186.520 480.821 22.5762 7.4351 (2006)
212.656 480.821 18.4183 7.4351 Click
234.596 480.821 33.4917 7.4351 chemistry
271.616 480.821 15.0734 7.4351 with
290.212 480.821 56.4101 7.4351 polysaccharides.
350.136 480.821 35.3463 7.4351 Macromol

71.0363 490.799 20.2729 7.4351 Rapid
93.6566 490.799 31.6363 7.4351 Commun
127.615 490.799 40.4865 7.4351 27:208–213

53.8586 500.720 14.8193 7.4351 186.
71.0363 500.720 33.9236 7.4351 Koschella
106.866 500.720 8.1972 7.4351 A,
116.900 500.720 25.0235 7.4351 Richter
143.829 500.720 9.6114 7.4351 M,
155.338 500.720 24.0497 7.4351 Heinze
181.303 500.720 5.1995 7.4351 T
188.333 500.720 22.5762 7.4351 (2010)
212.825 500.720 20.7132 7.4351 Novel
235.388 500.720 52.3419 7.4351 cellulose-based
289.700 500.720 54.2896 7.4351 polyelectrolytes
345.883 500.720 39.5719 7.4351 synthesized

71.0363 510.698 10.3989 7.4351 via
83.7920 510.698 10.3989 7.4351 the
96.6044 510.698 16.5638 7.4351 click
115.540 510.698 29.5201 7.4351 reaction.
147.458 510.698 36.2354 7.4351 Carbohydr
186.123 510.698 12.6854 7.4351 Res
201.203 510.698 53.1888 7.4351 345:1028–1033

53.8586 520.676 14.8193 7.4351 187.
71.0363 520.676 15.5222 7.4351 Pohl
89.2345 520.676 9.6114 7.4351 M,
101.480 520.676 27.9188 7.4351 Schaller
132.037 520.676 5.3773 7.4351 J,
140.088 520.676 25.9042 7.4351 Meister
168.718 520.676 4.6744 7.4351 F
176.088 520.676 6.1648 7.4351 et
184.932 520.676 6.1648 7.4351 al
193.777 520.676 22.5762 7.4351 (2008)
219.005 520.676 37.8020 7.4351 Selectively
259.541 520.676 41.9599 7.4351 dendronized
304.215 520.676 32.6026 7.4351 cellulose:
339.535 520.676 31.0275 7.4351 synthesis
373.267 520.676 12.2535 7.4351 and

71.0363 530.654 56.4744 7.4351 characterization.
129.940 530.654 35.3463 7.4351 Macromol
167.697 530.654 20.2729 7.4351 Rapid
190.374 530.654 31.5694 7.4351 Commun
224.333 530.654 40.4865 7.4351 29:142–148

53.8586 540.576 14.8193 7.4351 188.
71.0363 540.576 24.0497 7.4351 Heinze
97.0015 540.576 7.3165 7.4351 T,
106.242 540.576 16.9330 7.4351 Sch€
118.941 540.576 17.0126 7.4351 obitz
137.877 540.576 9.6114 7.4351 M,
149.385 540.576 15.5222 7.4351 Pohl
166.847 540.576 7.4944 7.4351 M
176.257 540.576 6.1648 7.4351 et
184.308 540.576 6.1648 7.4351 al
192.416 540.576 22.5762 7.4351 (2008)
216.907 540.576 40.0969 7.4351 Interactions
258.974 540.576 7.0540 7.4351 of
267.932 540.576 17.0126 7.4351 ionic
286.867 540.576 23.1012 7.4351 liquids
311.869 540.576 15.0734 7.4351 with
328.876 540.576 56.5760 7.4351 polysaccharides:

71.0363 550.554 11.0171 7.4351 IV.
83.9622 550.554 52.7992 7.4351 Dendronization
138.784 550.554 7.0540 7.4351 of
147.742 550.554 56.1467 7.4351 6-azido-6-deoxy
205.795 550.554 32.3401 7.4351 cellulose.
240.152 550.554 3.2603 7.4351 J
245.311 550.554 22.1359 7.4351 Polym
269.405 550.554 10.8393 7.4351 Sci
282.218 550.554 6.0802 7.4351 A
290.212 550.554 22.1359 7.4351 Polym
314.306 550.554 20.2729 7.4351 Chem
336.530 550.554 48.9547 7.4351 46:3853–3859

53.8586 560.532 14.8193 7.4351 189.
71.0363 560.532 16.9339 7.4351 Sch€
83.7361 560.532 17.0126 7.4351 obitz
103.124 560.532 9.6114 7.4351 M,
115.030 560.532 25.9042 7.4351 Meister
143.320 560.532 6.7915 7.4351 F,
152.447 560.532 24.0497 7.4351 Heinze
178.923 560.532 5.1995 7.4351 T
186.463 560.532 22.5762 7.4351 (2009)
211.351 560.532 54.2972 7.4351 Unconventional
267.988 560.532 32.1622 7.4351 reactivity
302.513 560.532 7.0540 7.4351 of
311.924 560.532 30.2230 7.4351 cellulose
344.522 560.532 32.0013 7.4351 dissolved
378.879 560.532 6.6137 7.4351 in

71.0372 570.510 17.0126 7.4351 ionic
90.4260 570.510 25.2183 7.4351 liquids.
118.035 570.510 35.3463 7.4351 Macromol
155.792 570.510 19.7563 7.4351 Symp
177.903 570.510 44.7206 7.4351 280:102–111

53.8594 36.9747 34.4571 7.4351 Cellulose:
90.7096 36.9747 31.1122 7.4351 Structure
124.214 36.9747 12.2535 7.4351 and
138.898 36.9747 34.3724 7.4351 Properties

377.065 36.9747 8.4682 7.4351 51

53.8582 62.3692 14.8193 7.4351 190.
71.0359 62.3692 15.5222 7.4351 Pohl
89.4043 62.3692 9.6114 7.4351 M,
101.820 62.3692 23.0081 7.4351 Morris
127.672 62.3692 14.2774 7.4351 GA,
144.793 62.3692 27.7672 7.4351 Harding
175.464 62.3692 9.8739 7.4351 SE
188.163 62.3692 6.1648 7.4351 et
197.177 62.3692 6.1648 7.4351 al
206.191 62.3692 22.5762 7.4351 (2009)
231.590 62.3692 24.9473 7.4351 Studies
259.370 62.3692 8.4682 7.4351 on
270.709 62.3692 10.3989 7.4351 the
283.918 62.3692 34.0168 7.4351 molecular
320.825 62.3692 33.0599 7.4351 ﬂexibility
356.712 62.3692 7.0540 7.4351 of
366.633 62.3692 18.8671 7.4351 novel

71.0359 72.3473 41.9599 7.4351 dendronized
115.369 72.3473 50.9532 7.4351 carboxymethyl
168.774 72.3473 30.2230 7.4351 cellulose
201.372 72.3473 39.3941 7.4351 derivatives.
243.212 72.3473 12.2535 7.4351 Eur
257.839 72.3473 22.1359 7.4351 Polym
282.331 72.3473 3.2603 7.4351 J
288.000 72.3473 48.9547 7.4351 45:1098–1110

53.8582 82.3254 14.8193 7.4351 191.
71.0359 82.3254 15.5222 7.4351 Pohl
90.0284 82.3254 9.6114 7.4351 M,
103.181 82.3254 24.0497 7.4351 Heinze
130.734 82.3254 5.1995 7.4351 T
139.408 82.3254 22.5762 7.4351 (2008)
165.486 82.3254 20.7132 7.4351 Novel
189.751 82.3254 39.1485 7.4351 biopolymer
232.384 82.3254 32.9582 7.4351 structures
268.895 82.3254 39.5719 7.4351 synthesized
311.982 82.3254 8.4682 7.4351 by
323.944 82.3254 50.9532 7.4351 dendronization
378.426 82.3254 7.0540 7.4351 of

71.0359 92.3035 91.8715 7.4351 6-deoxy-6-aminopropargyl
165.316 92.3035 32.3401 7.4351 cellulose.
200.069 92.3035 35.3463 7.4351 Macromol
237.826 92.3035 20.2729 7.4351 Rapid
260.503 92.3035 31.5694 7.4351 Commun
294.462 92.3035 48.9547 7.4351 29:1739–1745

53.8582 102.224 14.8193 7.4351 192.
71.0359 102.224 16.9279 7.4351 Fenn
92.5223 102.224 8.1972 7.4351 D,
105.334 102.224 15.5222 7.4351 Pohl
125.461 102.224 9.6114 7.4351 M,
139.634 102.224 24.0497 7.4351 Heinze
168.321 102.224 5.1995 7.4351 T
178.129 102.224 22.5762 7.4351 (2009)
205.284 102.224 20.7132 7.4351 Novel
230.570 102.224 48.9293 7.4351 3-O-propargyl
284.145 102.224 30.2230 7.4351 cellulose
319.011 102.224 7.0455 7.4351 as
330.632 102.224 3.7853 7.4351 a
339.023 102.224 31.9929 7.4351 precursor
375.590 102.224 9.8739 7.4351 for

71.0359 112.202 47.2271 7.4351 regioselective
120.699 112.202 57.6430 7.4351 functionalization
180.737 112.202 7.0540 7.4351 of
190.204 112.202 32.3401 7.4351 cellulose.
224.957 112.202 19.3752 7.4351 React
246.727 112.202 19.3075 7.4351 Funct
268.384 112.202 22.1359 7.4351 Polym
292.932 112.202 40.4865 7.4351 69:347–352

53.8582 122.181 14.8193 7.4351 193.
71.0359 122.181 29.6980 7.4351 Elschner
102.954 122.181 7.3165 7.4351 T,
112.478 122.181 25.3792 7.4351 Ganske
140.088 122.181 8.1972 7.4351 K,
150.519 122.181 24.0497 7.4351 Heinze
176.768 122.181 5.1995 7.4351 T
184.194 122.181 22.5762 7.4351 (2013)
208.969 122.181 32.4417 7.4351 Synthesis
243.665 122.181 12.2535 7.4351 and
258.122 122.181 36.7605 7.4351 aminolysis
297.126 122.181 7.0540 7.4351 of
306.367 122.181 50.9362 7.4351 polysaccharide
359.601 122.181 25.9127 7.4351 carbon-

71.0359 132.102 15.3274 7.4351 ates.
88.7243 132.102 32.0775 7.4351 Cellulose
123.250 132.102 40.4865 7.4351 20:339–353

53.8582 142.080 14.8193 7.4351 194.
71.0359 142.080 36.7605 7.4351 Pourjavadi
110.097 142.080 6.0802 7.4351 A
118.487 142.080 22.5762 7.4351 (2011)
143.375 142.080 32.4417 7.4351 Synthesis
178.128 142.080 7.0540 7.4351 of
187.482 142.080 24.5070 7.4351 soluble
214.354 142.080 57.5499 7.4351 N-functionalized
274.221 142.080 50.9362 7.4351 polysaccharide
327.513 142.080 37.3549 7.4351 derivatives
367.140 142.080 18.3421 7.4351 using

71.0359 152.058 23.1012 7.4351 phenyl
96.6616 152.058 33.0429 7.4351 carbonate
132.264 152.058 31.9929 7.4351 precursor
166.790 152.058 12.2535 7.4351 and
181.529 152.058 15.5984 7.4351 their
199.671 152.058 37.8105 7.4351 application
240.036 152.058 7.0455 7.4351 as
249.617 152.058 29.2492 7.4351 catalysts
281.422 152.058 30.6718 7.4351 (Erratum
314.644 152.058 6.6137 7.4351 to
323.772 152.058 33.5002 7.4351 document
359.772 152.058 16.5638 7.4351 cited
378.878 152.058 6.6137 7.4351 in

71.0359 162.036 57.1434 7.4351 CA156:339191].
130.564 162.036 21.6786 7.4351 Starch
154.658 162.036 23.5501 7.4351 63:820

53.8582 171.957 14.8193 7.4351 195.
71.0359 171.957 27.7588 7.4351 Hayashi
102.613 171.957 4.6744 7.4351 S
111.060 171.957 22.5762 7.4351 (2002)
137.480 171.957 32.4417 7.4351 Synthesis
173.706 171.957 12.2535 7.4351 and
189.807 171.957 33.9321 7.4351 properties
227.564 171.957 7.0540 7.4351 of
238.393 171.957 30.2230 7.4351 cellulose
272.465 171.957 33.0429 7.4351 carbonate
309.372 171.957 39.3941 7.4351 derivatives.
352.572 171.957 32.8905 7.4351 Kobunshi

71.0359 181.936 38.5388 7.4351 Ronbunshu
111.968 181.936 23.5501 7.4351 59:1–7

53.8582 191.914 14.8193 7.4351 196.
71.0359 191.914 28.2838 7.4351 Sanchez
102.330 191.914 24.9388 7.4351 Chaves
130.336 191.914 9.6114 7.4351 M,
142.921 191.914 23.5247 7.4351 Arranz
169.510 191.914 4.6744 7.4351 F
177.164 191.914 22.5762 7.4351 (1985)
202.790 191.914 54.7300 7.4351 Water-insoluble
260.560 191.914 28.7326 7.4351 dextrans
292.308 191.914 8.4682 7.4351 by
303.816 191.914 29.0036 7.4351 grafting,
335.848 191.914 6.3511 7.4351 2.
345.202 191.914 30.2230 7.4351 Reaction
378.424 191.914 7.0540 7.4351 of

71.0359 201.892 28.7326 7.4351 dextrans
102.613 201.892 15.0734 7.4351 with
120.585 201.892 24.0666 7.4351 n-alkyl
147.514 201.892 53.5021 7.4351 chloroformates.
203.924 201.892 32.6026 7.4351 Chemical
239.470 201.892 12.2535 7.4351 and
254.550 201.892 28.8173 7.4351 enzymic
286.298 201.892 37.3871 7.4351 hydrolysis.
326.550 201.892 35.7951 7.4351 Makromol
365.215 201.892 20.2729 7.4351 Chem

71.0359 211.813 36.2524 7.4351 186:17–29

53.8582 221.791 14.8193 7.4351 197.
71.0359 221.791 29.6980 7.4351 Elschner
102.954 221.791 7.3165 7.4351 T,
112.535 221.791 10.2999 7.4351 K€
118.601 221.791 35.4225 7.4351 otteritzsch
156.302 221.791 9.6114 7.4351 M,
168.151 221.791 24.0497 7.4351 Heinze
194.456 221.791 5.1995 7.4351 T
201.883 221.791 22.5762 7.4351 (2014)
226.714 221.791 32.4417 7.4351 Synthesis
261.410 221.791 7.0540 7.4351 of
270.651 221.791 30.2230 7.4351 cellulose
303.136 221.791 43.8822 7.4351 tricarbonates
349.341 221.791 6.6137 7.4351 in
358.185 221.791 27.3353 7.4351 1-butyl-

71.0359 231.769 73.6987 7.4351 3-methylimidazolium
147.174 231.769 60.6492 7.4351 chloride/pyridine.
210.216 231.769 35.3463 7.4351 Macromol
247.973 231.769 21.6786 7.4351 Biosci
272.068 231.769 40.4865 7.4351 14:161–165

53.8582 36.8596 8.4682 7.4351 52

351.722 36.8596 7.3165 7.4351 T.
361.416 36.8596 24.0497 7.4351 Heinze
