612.000 884.000
90.1000 848.115 4.4619 9.9986 1

90.1000 65.6856 48.9360 13.7480 Chapter

90.1000 89.7316 37.4515 29.8230 An
133.308 89.7316 90.2171 29.8230 Update
229.283 89.7316 32.0684 29.8230 on
267.105 89.7316 122.027 29.8230 Overview
394.890 89.7316 25.4476 29.8230 of

90.1000 122.116 121.998 29.8230 Cellulose,
218.719 122.116 30.7443 29.8230 Its
255.220 122.116 117.878 29.8230 Structure
378.856 122.116 46.7207 29.8230 and

90.1000 154.501 158.064 29.8230 Applications

90.1000 198.994 54.9606 17.1784 Praveen
149.090 198.994 48.2779 17.1784 Kumar
201.398 198.994 49.1492 17.1784 Gupta,
254.578 198.994 52.9773 17.1784 Shreeya
311.585 198.994 22.3170 17.1784 Sai
337.932 198.994 80.9369 17.1784 Raghunath,

90.1000 222.983 53.5165 17.1784 Deepali
147.646 222.983 68.8461 17.1784 Venkatesh
220.522 222.983 70.1399 17.1784 Prasanna,
294.692 222.983 94.8575 17.1784 Priyadharsini
393.581 222.983 53.3650 17.1784 Venkat,

90.0993 246.972 49.3186 17.1784 Vidhya
143.448 246.972 41.0884 17.1784 Shree,
188.566 246.972 106.830 17.1784 Chandrananthi
299.428 246.972 110.910 17.1784 Chithananthan,

90.0993 270.961 46.5631 17.1784 Shreya
140.692 270.961 81.7446 17.1784 Choudhary,
226.467 270.961 59.0903 17.1784 Krithika
289.586 270.961 62.1814 17.1784 Surender
355.629 270.961 26.7499 17.1784 and
386.407 270.961 71.4001 17.1784 Keerthana
461.838 270.961 48.5291 17.1784 Geetha

90.1000 342.756 52.3785 13.7480 Abstract

107.100 372.432 47.4977 12.4262 Cellulose
156.996 372.432 13.1460 12.4262 (C
169.782 377.327 4.3316 8.3256 6
173.953 372.432 9.3077 12.4262 H
182.660 377.327 8.1649 8.3256 10
190.705 372.432 9.0558 12.4262 O
199.760 377.327 3.7529 8.3256 5
203.514 372.432 5.2775 12.4262 )
208.791 377.327 4.6852 8.3256 n
215.993 372.432 8.2881 12.4262 is
226.680 372.432 18.9990 12.4262 one
248.078 372.432 10.6032 12.4262 of
261.799 372.432 16.7212 12.4262 the
280.919 372.432 25.8229 12.4262 most
309.141 372.432 55.6544 12.4262 ubiquitous
367.194 372.432 38.8737 12.4262 organic
408.467 372.432 48.2666 12.4262 polymers
459.132 372.432 13.3618 12.4262 on
474.893 372.432 16.7200 12.4262 the

90.1001 386.825 35.8275 12.4262 planet.
128.686 386.825 8.0844 12.4262 It
139.169 386.825 8.2881 12.4262 is
149.855 386.825 5.7093 12.4262 a
157.963 386.825 55.1380 12.4262 significant
215.500 386.825 51.3357 12.4262 structural
269.594 386.825 58.9516 12.4262 component
330.945 386.825 10.6032 12.4262 of
344.667 386.825 16.7200 12.4262 the
363.786 386.825 42.5667 12.4262 primary
408.751 386.825 17.6917 12.4262 cell
429.082 386.825 21.6618 12.4262 wall
453.502 386.825 10.6031 12.4262 of
467.224 386.825 29.0503 12.4262 green

90.1001 401.218 34.9636 12.4262 plants,
127.702 401.218 38.4422 12.4262 various
168.543 401.218 30.4898 12.4262 forms
201.432 401.218 10.6017 12.4262 of
215.152 401.218 26.3036 12.4262 algae
243.855 401.218 19.4671 12.4262 and
266.080 401.218 57.2850 12.4262 oomycetes.
326.124 401.218 8.0844 12.4262 It
336.607 401.218 8.2881 12.4262 is
347.294 401.218 5.7093 12.4262 a
355.403 401.218 77.0745 12.4262 polysaccharide
434.876 401.218 52.6794 12.4262 consisting
490.314 401.218 10.6020 12.4262 of

90.1001 415.612 5.7093 12.4262 a
98.2084 415.612 29.9619 12.4262 linear
130.629 415.612 28.4508 12.4262 chain
161.479 415.612 10.6017 12.4262 of
175.200 415.612 35.8260 12.4262 several
213.785 415.612 44.4872 12.4262 hundred
261.031 415.612 10.3872 12.4262 to
273.817 415.612 29.2304 12.4262 many
305.446 415.612 53.3975 12.4262 thousands
361.242 415.612 10.6032 12.4262 of
374.966 416.439 16.5523 10.7950 β(1
394.277 416.439 11.1068 10.7950 →
408.142 415.612 11.8145 12.4262 4)
422.715 415.612 32.5406 12.4262 linked
458.014 415.612 50.4361 12.4262 d-glucose

90.1006 430.005 29.1701 12.4262 units.
121.669 430.005 30.5861 12.4262 There
154.654 430.005 16.0365 12.4262 are
172.970 430.005 38.4422 12.4262 various
213.810 430.005 53.3273 12.4262 extraction
269.536 430.005 57.3920 12.4262 procedures
329.326 430.005 15.3167 12.4262 for
347.102 430.005 44.7152 12.4262 cellulose
394.216 430.005 52.7739 12.4262 developed
449.749 430.005 12.8699 12.4262 by
465.017 430.005 28.1627 12.4262 using
495.939 430.005 18.8074 12.4262 dif-

90.1006 444.399 31.1019 12.4262 ferent
123.601 444.399 48.8170 12.4262 processes
174.817 444.399 18.8072 12.4262 like
196.022 444.399 53.0032 12.4262 oxidation,
251.784 444.399 70.6471 12.4262 etherification
324.828 444.399 19.4671 12.4262 and
347.054 444.399 68.3799 12.4262 esterification
417.713 444.399 31.7612 12.4262 which
451.873 444.399 39.4009 12.4262 convert
493.672 444.399 16.7200 12.4262 the

90.1006 458.792 46.5862 12.4262 prepared
139.445 458.792 49.4279 12.4262 celluloses
191.272 458.792 10.4471 12.4262 in
204.118 458.792 10.3872 12.4262 to
216.904 458.792 44.7152 12.4262 cellulose
264.018 458.792 59.3242 12.4262 derivatives.
326.101 458.792 27.6697 12.4262 Since
356.170 458.792 7.6884 12.4262 it
366.257 458.792 8.2881 12.4262 is
376.944 458.792 5.7093 12.4262 a
385.052 458.792 54.0230 12.4262 non-toxic,
441.834 458.792 78.1781 12.4262 bio-degradable

90.1006 473.185 43.5875 12.4262 polymer
136.027 473.185 24.0008 12.4262 with
162.426 473.185 23.1599 12.4262 high
187.985 473.185 33.8606 12.4262 tensile
224.245 473.185 19.4671 12.4262 and
246.470 473.185 63.7147 12.4262 compressive
312.584 473.185 47.2331 12.4262 strength,
362.576 473.185 7.6884 12.4262 it
372.663 473.185 17.3919 12.4262 has
392.334 473.185 59.4549 12.4262 widespread
454.548 473.185 17.3199 12.4262 use
474.267 473.185 10.4471 12.4262 in
486.993 473.185 25.0431 12.4262 vari-

90.1006 487.579 18.0156 12.4262 ous
110.515 487.579 28.4149 12.4262 fields
141.327 487.579 23.7728 12.4262 such
167.499 487.579 10.5431 12.4262 as
180.441 487.579 85.8434 12.4262 nanotechnology,
269.043 487.579 80.1571 12.4262 pharmaceutical
351.959 487.579 46.7183 12.4262 industry,
401.436 487.579 23.6531 12.4262 food
427.848 487.579 46.7171 12.4262 industry,
477.324 487.579 41.2967 12.4262 cosmet-

90.1006 501.972 17.1282 12.4262 ics,
109.987 501.972 32.7685 12.4262 textile
145.154 501.972 19.4671 12.4262 and
167.380 501.972 29.5772 12.4262 paper
199.416 501.972 46.7182 12.4262 industry,
248.893 501.972 70.9821 12.4262 drug-delivery
322.274 501.972 40.6128 12.4262 systems
365.286 501.972 10.4471 12.4262 in
378.132 501.972 40.9009 12.4262 treating
421.791 501.972 34.0267 12.4262 cancer
458.277 501.972 19.4671 12.4262 and
480.503 501.972 27.7553 12.4262 other

90.1006 516.366 44.6431 12.4262 diseases.
137.502 516.366 89.6925 12.4262 Micro-crystalline
229.593 516.366 44.7152 12.4262 cellulose
276.707 516.366 10.4471 12.4262 in
289.553 516.366 51.3469 12.4262 particular
343.359 516.366 8.2881 12.4262 is
354.046 516.366 35.4795 12.4262 among
392.284 516.366 16.7204 12.4262 the
411.404 516.366 25.8240 12.4262 most
439.627 516.366 54.2388 12.4262 frequently

90.1006 530.759 24.0609 12.4262 used
116.920 530.759 44.7151 12.4262 cellulose
164.032 530.759 56.3740 12.4262 derivatives
222.805 530.759 10.4471 12.4262 in
235.651 530.759 16.7200 12.4262 the
254.770 530.759 27.2271 12.4262 food,
284.756 530.759 54.0458 12.4262 cosmetics,
341.561 530.759 40.1813 12.4262 pharma
384.141 530.759 46.7181 12.4262 industry,
433.618 530.759 18.4462 12.4262 etc.
454.823 530.759 19.4670 12.4262 and
477.048 530.759 8.2881 12.4262 is
487.735 530.759 12.7021 12.4262 an

90.1006 545.152 52.9674 12.4262 important
145.466 545.152 47.7365 12.4262 excipient
195.602 545.152 18.9751 12.4262 due
216.976 545.152 10.3872 12.4262 to
229.762 545.152 12.4140 12.4262 its
244.575 545.152 40.4318 12.4262 binding
287.766 545.152 19.4670 12.4262 and
309.991 545.152 46.1786 12.4262 tableting
358.929 545.152 56.7083 12.4262 properties,
418.396 545.152 70.0827 12.4262 characterized
491.237 545.152 12.8699 12.4262 by
506.506 545.152 12.4140 12.4262 its

90.1006 559.546 47.8816 12.4262 plasticity
140.381 559.546 19.4671 12.4262 and
162.606 559.546 66.0646 12.4262 cohesiveness
230.950 559.546 28.6309 12.4262 when
261.859 559.546 22.1658 12.4262 wet.
286.784 559.546 45.5550 12.4262 Bacterial
335.097 559.546 50.8310 12.4262 cellulose’s
388.327 559.546 23.1611 12.4262 high
413.887 559.546 74.8443 12.4262 dispensability,
491.490 559.546 29.0503 12.4262 taste-

90.1006 573.939 18.4954 12.4262 less
110.994 573.939 19.4671 12.4262 and
133.220 573.939 49.4169 12.4262 odourless
185.036 573.939 34.0630 12.4262 nature
221.498 573.939 44.6671 12.4262 provides
268.564 573.939 7.6884 12.4262 it
278.531 573.939 24.0008 12.4262 with
304.931 573.939 13.8405 12.4262 lot
321.170 573.939 10.6032 12.4262 of
334.892 573.939 50.4247 12.4262 industrial
388.075 573.939 65.8600 12.4262 applications.
456.694 573.939 53.3753 12.4262 Currently,

90.1006 588.333 29.6984 12.4262 about
122.197 588.333 20.3065 12.4262 half
145.622 588.333 10.6032 12.4262 of
159.344 588.333 16.7201 12.4262 the
178.343 588.333 29.5647 12.4262 waste
210.307 588.333 48.9845 12.4262 produced
262.050 588.333 10.4471 12.4262 in
274.896 588.333 26.9021 12.4262 India
304.197 588.333 43.8038 12.4262 contains
350.400 588.333 29.6982 12.4262 about
382.497 588.333 23.2572 12.4262 50%
408.513 588.333 44.7151 12.4262 cellulose
455.506 588.333 31.7612 12.4262 which
489.665 588.333 18.2675 12.4262 can

90.1006 602.726 12.3782 12.4262 be
104.877 602.726 24.0608 12.4262 used
131.697 602.726 67.6350 12.4262 productively.
201.731 602.726 22.9814 12.4262 This
227.111 602.726 39.2089 12.4262 chapter
268.779 602.726 26.2316 12.4262 deals
297.289 602.726 24.0008 12.4262 with
323.689 602.726 16.7200 12.4262 the
342.808 602.726 52.1756 12.4262 chemistry
397.382 602.726 10.6032 12.4262 of
411.103 602.726 48.0493 12.4262 cellulose,
461.911 602.726 12.4143 12.4262 its
476.724 602.726 36.6430 12.4262 extrac-

90.1006 617.119 21.0502 12.4262 tion
113.549 617.119 19.4671 12.4262 and
135.775 617.119 12.4144 12.4262 its
150.588 617.119 53.3740 12.4262 properties
206.241 617.119 31.7612 12.4262 which
240.401 617.119 22.5253 12.4262 help
265.205 617.119 38.4422 12.4262 various
306.046 617.119 51.6947 12.4262 industries
360.139 617.119 10.3872 12.4262 to
372.926 617.119 28.1270 12.4262 make
403.452 617.119 16.7200 12.4262 the
422.571 617.119 25.8240 12.4262 most
450.794 617.119 10.6032 12.4262 of
464.514 617.119 10.8789 12.4262 it.

90.1006 645.918 57.6209 12.4982 Keywords:
150.240 645.906 55.5096 12.4262 properties,
208.268 645.906 53.4700 12.4262 chemistry,
264.257 645.906 30.6084 12.4262 types,
297.384 645.906 82.7490 12.4262 microcrystalline
382.292 645.906 46.9713 12.4262 cellulose,
431.783 645.906 43.7556 12.4262 cellulose

90.1006 660.300 67.5041 12.4262 nanocrystals,
160.123 660.300 43.7556 12.4262 cellulose
206.038 660.300 57.5971 12.4262 nanofibres,
266.154 660.300 55.7022 12.4262 extraction,
324.375 660.300 86.1316 12.4262 characterization,
413.025 660.300 31.5321 12.4262 NMR,
447.076 660.300 27.6591 12.4262 SEM,
477.254 660.300 30.4659 12.4262 FTIR,

90.1006 674.693 23.8689 12.4262 BJH,
116.488 674.693 56.2298 12.4262 biomedical
175.236 674.693 64.8058 12.4262 applications,
242.561 674.693 78.5993 12.4262 pharmaceutical
323.679 674.693 64.8058 12.4262 applications,
391.004 674.693 52.3793 12.4262 renewable
445.542 674.693 35.0597 12.4262 energy

90.1006 689.086 64.8057 12.4262 applications,
157.305 689.086 29.0861 12.4262 waste
188.550 689.086 69.7341 12.4262 management,
260.803 689.086 24.3727 12.4262 drug
287.694 689.086 43.2878 12.4262 delivery,
333.381 689.086 35.5277 12.4262 wound
371.427 689.086 40.5397 12.4262 healing,
414.486 689.086 59.6122 12.4262 scaffolding,

90.1006 703.479 47.7367 12.4262 implants,
140.356 703.479 43.7071 12.4262 biofuels,
186.582 703.479 65.5962 12.4262 consumables

90.1006 743.371 9.6315 13.7480 1.
102.159 743.371 77.5396 13.7480 Introduction

107.100 773.046 47.4977 12.4262 Cellulose
156.997 773.046 8.2881 12.4262 is
167.682 773.046 16.7201 12.4262 the
186.803 773.046 25.8229 12.4262 most
215.025 773.046 49.7528 12.4262 abundant
267.176 773.046 60.1147 12.4262 biopolymer
329.750 773.046 45.4466 12.4262 available
377.595 773.046 10.4471 12.4262 in
390.441 773.046 37.3986 12.4262 nature,
430.599 773.046 26.2796 12.4262 since
459.276 773.046 7.6884 12.4262 it
469.364 773.046 8.2881 12.4262 is
480.051 773.046 18.9989 12.4262 one
501.449 773.046 10.6032 12.4262 of

90.1006 787.440 16.7202 12.4262 the
109.201 787.440 30.3818 12.4262 major
142.024 787.440 63.6784 12.4262 components
208.083 787.440 10.6030 12.4262 of
221.786 787.440 16.7202 12.4262 the
240.887 787.440 17.6915 12.4262 cell
261.200 787.440 26.4955 12.4262 walls
290.076 787.440 10.6030 12.4262 of
303.786 787.440 25.8228 12.4262 most
331.989 787.440 10.6042 12.4262 of
345.699 787.440 16.7203 12.4262 the
364.800 787.440 31.6293 12.4262 plants
398.810 787.440 17.9469 12.4262 [1].
419.498 787.440 8.0844 12.4262 It
429.963 787.440 8.2881 12.4262 is
440.632 787.440 5.7093 12.4262 a
448.722 787.440 73.4775 12.4262 homopolymer

90.1004 801.833 10.6030 12.4262 of
103.822 801.833 84.6547 12.4262 anhydroglucose,
191.115 801.833 24.0008 12.4262 with
217.515 801.833 16.7200 12.4262 the
236.634 801.833 38.2739 12.4262 glucose
277.307 801.833 42.1843 12.4262 residues
321.890 801.833 32.5397 12.4262 linked
357.188 801.833 10.4471 12.4262 in
370.034 801.833 5.7093 12.4262 a
378.142 801.833 26.9634 12.4262 ß-1,4
407.864 801.833 38.5383 12.4262 fashion
448.800 801.833 18.4020 12.4262 [2].
469.961 801.833 20.4743 12.4262 Cell
493.074 801.833 26.4944 12.4262 walls

90.1004 816.226 10.6030 12.4262 of
103.822 816.226 26.9033 12.4262 plant
133.124 816.226 22.5255 12.4262 cells
158.047 816.226 45.5184 12.4262 attribute
205.964 816.226 25.0082 12.4262 their
233.432 816.226 58.9761 12.4262 mechanical
295.166 816.226 43.6596 12.4262 strength
341.225 816.226 10.3872 12.4262 to
354.011 816.226 47.6644 12.4262 cellulose.
404.434 816.226 47.4976 12.4262 Cellulose
454.331 816.226 25.6202 12.4262 owes
482.350 816.226 12.4140 12.4262 its

90.1000 24.9644 38.1171 11.0433 Cellulose

90.1000 848.115 5.0377 9.9986 2

90.1000 66.5740 51.3354 12.4262 structural
144.194 66.5740 53.3740 12.4262 properties
199.966 66.5740 10.3872 12.4262 to
212.753 66.5740 16.7200 12.4262 the
231.872 66.5740 19.8506 12.4262 fact
254.121 66.5740 20.9061 12.4262 that
277.426 66.5740 7.6884 12.4262 it
287.512 66.5740 18.2675 12.4262 can
308.178 66.5740 30.6336 12.4262 retain
341.211 66.5740 5.7093 12.4262 a
349.319 66.5740 83.0717 12.4262 semi-crystalline
434.790 66.5740 24.3142 12.4262 state
461.502 66.5740 10.6032 12.4262 of
475.224 66.5740 44.5598 12.4262 aggrega-

90.1000 80.9674 21.0502 12.4262 tion
113.548 80.9674 24.1929 12.4262 even
140.140 80.9674 10.4471 12.4262 in
152.985 80.9674 12.7021 12.4262 an
168.086 80.9674 42.2681 12.4262 aqueous
212.753 80.9674 70.7790 12.4262 environment,
286.171 80.9674 31.7600 12.4262 which
320.330 80.9674 8.2881 12.4262 is
331.017 80.9674 41.2366 12.4262 unusual
375.012 80.9674 15.3169 12.4262 for
392.788 80.9674 5.7093 12.4262 a
400.896 80.9674 77.0757 12.4262 polysaccharide
480.370 80.9674 13.7698 12.4262 [3,
496.898 80.9674 14.6453 12.4262 4].

107.100 95.3608 13.4457 12.4262 As
122.944 95.3608 14.9211 12.4262 far
140.324 95.3608 10.5431 12.4262 as
153.266 95.3608 44.7151 12.4262 cellulose
200.379 95.3608 29.6623 12.4262 based
232.800 95.3608 45.7826 12.4262 products
280.981 95.3608 16.0364 12.4262 are
299.417 95.3608 57.5119 12.4262 concerned,
359.688 95.3608 59.8163 12.4262 paperboard
422.263 95.3608 19.4658 12.4262 and
444.487 95.3608 29.5783 12.4262 paper
476.524 95.3608 16.0364 12.4262 are
494.960 95.3608 16.7200 12.4262 the

90.1000 109.754 25.8238 12.4262 most
118.322 109.754 55.4740 12.4262 commonly
176.194 109.754 24.0608 12.4262 used
203.013 109.754 23.7132 12.4262 ones
229.125 109.754 18.3516 12.4262 [5].
250.236 109.754 39.4366 12.4262 Smaller
292.132 109.754 45.0858 12.4262 amounts
339.617 109.754 10.6032 12.4262 of
353.339 109.754 44.7152 12.4262 cellulose
400.333 109.754 28.6309 12.4262 when
431.362 109.754 50.8443 12.4262 processed
484.965 109.754 30.8846 12.4262 under

90.1000 124.147 60.7520 12.4262 appropriate
153.249 124.147 58.1966 12.4262 conditions,
214.205 124.147 18.2675 12.4262 can
234.871 124.147 12.3782 12.4262 be
249.647 124.147 51.6002 12.4262 converted
304.006 124.147 10.3872 12.4262 to
316.792 124.147 5.7093 12.4262 a
324.780 124.147 25.2721 12.4262 wide
352.330 124.147 36.6789 12.4262 variety
391.407 124.147 10.6032 12.4262 of
405.129 124.147 59.7083 12.4262 derivatives,
467.596 124.147 27.1076 12.4262 these
497.103 124.147 18.2675 12.4262 can

90.1000 138.541 12.3782 12.4262 be
104.877 138.541 24.0608 12.4262 used
131.696 138.541 10.4471 12.4262 in
144.541 138.541 66.9405 12.4262 manufacture
213.880 138.541 10.6032 12.4262 of
227.602 138.541 19.1427 12.4262 few
249.143 138.541 60.8481 12.4262 commercial
312.750 138.541 45.7814 12.4262 products
360.931 138.541 18.8060 12.4262 like
382.136 138.541 55.9296 12.4262 cellophane
440.465 138.541 19.4671 12.4262 and
462.690 138.541 29.5662 12.4262 rayon
494.655 138.541 19.0945 12.4262 [6].

107.100 152.934 27.6709 12.4262 Since
137.169 152.934 44.7151 12.4262 cellulose
184.282 152.934 8.2881 12.4262 is
194.969 152.934 5.7093 12.4262 a
203.077 152.934 73.4775 12.4262 homopolymer
279.014 152.934 10.6032 12.4262 of
292.736 152.934 5.7093 12.4262 a
300.844 152.934 38.2739 12.4262 glucose
341.516 152.934 54.9947 12.4262 derivative,
399.269 152.934 7.6884 12.4262 it
409.356 152.934 8.2881 12.4262 is
420.043 152.934 5.7093 12.4262 a
428.152 152.934 26.3397 12.4262 great
456.890 152.934 33.7868 12.4262 source
493.076 152.934 10.6032 12.4262 of

90.1000 167.327 62.8388 12.4262 fermentable
155.337 167.327 30.4059 12.4262 sugar.
188.502 167.327 8.0844 12.4262 It
198.985 167.327 8.2881 12.4262 is
209.672 167.327 51.7544 12.4262 cultivated
264.185 167.327 10.4471 12.4262 in
277.031 167.327 16.7200 12.4262 the
296.150 167.327 25.7158 12.4262 form
324.265 167.327 10.6032 12.4262 of
337.987 167.327 35.6585 12.4262 energy
376.044 167.327 28.2230 12.4262 crops
406.666 167.327 15.3167 12.4262 for
424.442 167.327 16.7200 12.4262 the
443.561 167.327 57.8713 12.4262 production

90.1000 181.720 10.6030 12.4262 of
103.821 181.720 42.6401 12.4262 ethanol,
149.220 181.720 35.1676 12.4262 ethers,
187.146 181.720 29.8529 12.4262 acetic
219.398 181.720 24.9362 12.4262 acid,
247.093 181.720 18.4474 12.4262 etc.
268.299 181.720 38.3225 12.4262 Besides
309.020 181.720 35.6585 12.4262 energy
347.078 181.720 69.0642 12.4262 requirements
418.541 181.720 16.7200 12.4262 the
437.660 181.720 50.4231 12.4262 industrial

90.1000 196.114 46.9821 12.4262 demands
139.480 196.114 10.6032 12.4262 of
153.201 196.114 44.7151 12.4262 cellulose
200.315 196.114 16.0364 12.4262 are
218.750 196.114 41.6927 12.4262 fulfilled
263.202 196.114 12.8687 12.4262 by
278.349 196.114 28.6068 12.4262 wood
309.715 196.114 23.7489 12.4262 pulp
335.862 196.114 19.4671 12.4262 and
358.088 196.114 33.3314 12.4262 cotton
393.818 196.114 28.2230 12.4262 crops
424.440 196.114 18.9387 12.4262 [7].

107.100 210.507 47.4977 12.4262 Cellulose
156.996 210.507 20.2465 12.4262 also
179.640 210.507 30.7778 12.4262 fulfils
212.817 210.507 16.7200 12.4262 the
231.936 210.507 37.1347 12.4262 dietary
271.469 210.507 69.0642 12.4262 requirements
342.932 210.507 10.6017 12.4262 of
356.653 210.507 27.2392 12.4262 some
386.291 210.507 43.7674 12.4262 animals,
432.817 210.507 60.8836 12.4262 particularly

90.1000 224.901 54.1546 12.4262 ruminants
146.653 224.901 19.4671 12.4262 and
168.879 224.901 41.3318 12.4262 termite,
212.969 224.901 22.9694 12.4262 they
238.337 224.901 18.2675 12.4262 can
259.004 224.901 30.8975 12.4262 digest
292.300 224.901 44.7152 12.4262 cellulose
339.293 224.901 24.0008 12.4262 with
365.692 224.901 22.5253 12.4262 help
390.616 224.901 10.6032 12.4262 of
404.338 224.901 51.1073 12.4262 symbiotic
457.844 224.901 46.2023 12.4262 microor-

90.1000 239.294 42.2684 12.4262 ganisms
134.767 239.294 38.5740 12.4262 present
175.740 239.294 10.4471 12.4262 in
188.584 239.294 25.0082 12.4262 their
216.051 239.294 20.9301 12.4262 gut,
239.620 239.294 28.5348 12.4262 while
270.554 239.294 27.2392 12.4262 some
300.192 239.294 53.3736 12.4262 organisms
355.965 239.294 36.0309 12.4262 secrete
394.395 239.294 5.7093 12.4262 a
402.503 239.294 30.7057 12.4262 group
435.607 239.294 10.6032 12.4262 of
449.329 239.294 45.5416 12.4262 enzymes

90.1000 253.687 30.3578 12.4262 called
123.216 253.687 48.7681 12.4262 cellulases
174.383 253.687 10.3884 12.4262 to
187.169 253.687 15.9645 12.4262 aid
205.892 253.687 16.7201 12.4262 the
225.012 253.687 62.2749 12.4262 degradation
289.685 253.687 10.6032 12.4262 of
303.406 253.687 44.7152 12.4262 cellulose
350.520 253.687 51.6959 12.4262 molecules
404.614 253.687 18.8432 12.4262 [8].
426.216 253.687 38.9216 12.4262 Human
467.536 253.687 33.7281 12.4262 beings
503.662 253.687 16.0364 12.4262 are

90.1000 268.081 35.0835 12.4262 unable
127.570 268.081 10.3871 12.4262 to
140.344 268.081 30.8962 12.4262 digest
173.627 268.081 44.7150 12.4262 cellulose
220.729 268.081 18.9750 12.4262 due
242.091 268.081 10.3871 12.4262 to
254.865 268.081 20.8581 12.4262 lack
278.230 268.081 10.6031 12.4262 of
291.940 268.081 52.1036 12.4262 cellulases,
346.790 268.081 22.7294 12.4262 thus
371.906 268.081 44.7150 12.4262 cellulose
419.008 268.081 20.1987 12.4262 acts
441.594 268.081 10.5431 12.4262 as
454.524 268.081 5.7093 12.4262 a
462.620 268.081 59.6239 12.4262 hydrophilic

90.1000 282.474 39.9054 12.4262 bulking
132.764 282.474 28.2947 12.4262 agent
163.457 282.474 15.3155 12.4262 for
181.233 282.474 31.3651 12.4262 faeces
214.997 282.474 19.4671 12.4262 and
237.223 282.474 56.0728 12.4262 potentially
295.694 282.474 20.7983 12.4262 aids
318.891 282.474 10.4471 12.4262 in
331.736 282.474 54.1663 12.4262 defecation
388.301 282.474 18.7241 12.4262 [9].

90.1000 324.765 10.4232 13.7480 2.
102.950 324.765 59.3978 13.7480 Overview

107.100 354.441 38.3819 12.4262 Among
148.240 354.441 16.7204 12.4262 the
167.240 354.441 38.4422 12.4262 various
208.079 354.441 19.4431 12.4262 raw
229.921 354.441 47.8699 12.4262 materials
280.070 354.441 31.7612 12.4262 which
314.230 354.441 34.0641 12.4262 nature
350.693 354.441 17.3919 12.4262 has
370.484 354.441 33.4627 12.4262 placed
406.706 354.441 9.8232 12.4262 at
418.928 354.441 18.0156 12.4262 our
439.402 354.441 42.1724 12.4262 disposal
484.333 354.441 15.3170 12.4262 for

90.1000 368.834 50.4248 12.4262 industrial
143.283 368.834 50.1712 12.4262 purposes,
196.213 368.834 44.7150 12.4262 cellulose
243.327 368.834 17.3919 12.4262 has
263.118 368.834 25.8840 12.4262 from
291.399 368.834 23.7251 12.4262 time
317.523 368.834 63.8345 12.4262 immemorial
384.117 368.834 46.7411 12.4262 occupied
433.616 368.834 5.7093 12.4262 a
441.724 368.834 55.3660 12.4262 prominent

90.1000 383.227 45.6987 12.4262 position.
138.557 383.227 12.8089 12.4262 Its
153.765 383.227 56.6136 12.4262 abundance
212.777 383.227 8.2881 12.4262 is
223.464 383.227 52.2591 12.4262 attributed
278.482 383.227 10.3872 12.4262 to
291.268 383.227 16.7200 12.4262 the
310.387 383.227 44.6298 12.4262 constant
357.416 383.227 78.2631 12.4262 photosynthetic
438.078 383.227 30.9214 12.4262 cycles
471.398 383.227 32.9127 12.4262 taking

90.1000 397.621 26.7233 12.4262 place
119.222 397.621 10.4471 12.4262 in
132.068 397.621 33.5593 12.4262 higher
168.087 397.621 34.9635 12.4262 plants,
205.690 397.621 31.7600 12.4262 which
239.849 397.621 18.2675 12.4262 can
260.515 397.621 54.5027 12.4262 synthesize
317.417 397.621 37.3025 12.4262 around
357.478 397.621 23.0772 12.4262 1011
383.314 397.621 6.7169 12.4262 ±
392.789 397.621 23.4599 12.4262 1012
419.008 397.621 22.1656 12.4262 tons
443.572 397.621 10.6032 12.4262 of
457.294 397.621 44.7151 12.4262 cellulose
504.407 397.621 10.4471 12.4262 in

90.1000 412.014 5.7093 12.4262 a
98.2083 412.014 31.8214 12.4262 rather
132.488 412.014 23.9407 12.4262 pure
158.828 412.014 28.9063 12.4262 form.
190.493 412.014 27.6697 12.4262 Since
220.562 412.014 23.7251 12.4262 time
246.686 412.014 63.8345 12.4262 immemorial
313.279 412.014 7.6884 12.4262 it
323.365 412.014 17.3919 12.4262 has
343.156 412.014 33.9682 12.4262 served
379.883 412.014 46.8501 12.4262 mankind
429.492 412.014 30.6088 12.4262 either
462.559 412.014 10.5431 12.4262 as
475.503 412.014 5.7093 12.4262 a
483.610 412.014 23.4239 12.4262 con-

90.1000 426.408 47.4376 12.4262 struction
139.935 426.408 43.0361 12.4262 material
185.729 426.408 11.2028 12.4262 or
199.391 426.408 10.5431 12.4262 as
212.333 426.408 5.7093 12.4262 a
220.321 426.408 43.4801 12.4262 versatile
266.200 426.408 40.5654 12.4262 starting
309.524 426.408 43.0345 12.4262 material
355.317 426.408 15.3170 12.4262 for
373.093 426.408 46.2628 12.4262 chemical
422.115 426.408 47.4020 12.4262 reactions
471.916 426.408 15.3155 12.4262 for
489.691 426.408 16.7200 12.4262 the

90.1000 440.801 57.8715 12.4262 production
150.370 440.801 10.6032 12.4262 of
164.092 440.801 44.4154 12.4262 artificial
211.266 440.801 44.7139 12.4262 cellulose
258.378 440.801 29.6623 12.4262 based
290.799 440.801 38.4663 12.4262 threads
331.664 440.801 19.4671 12.4262 and
353.890 440.801 42.7228 12.4262 biofilms
399.012 440.801 10.5431 12.4262 as
411.834 440.801 21.3141 12.4262 well
435.907 440.801 10.5431 12.4262 as
448.849 440.801 15.3167 12.4262 for
466.624 440.801 41.1882 12.4262 produc-

90.1000 455.194 21.0502 12.4262 tion
113.548 455.194 10.6032 12.4262 of
127.270 455.194 5.7093 12.4262 a
135.257 455.194 36.6789 12.4262 variety
174.335 455.194 10.6032 12.4262 of
188.057 455.194 30.3099 12.4262 stable
220.766 455.194 44.7152 12.4262 cellulose
267.879 455.194 56.3729 12.4262 derivatives
326.531 455.194 31.7612 12.4262 which
360.691 455.194 16.0364 12.4262 are
379.127 455.194 24.0608 12.4262 used
405.946 455.194 15.3170 12.4262 for
423.602 455.194 38.4422 12.4262 various
464.443 455.194 50.4235 12.4262 industrial

90.1000 469.588 19.4668 12.4262 and
112.325 469.588 47.0424 12.4262 domestic
161.765 469.588 62.9107 12.4262 applications
227.074 469.588 24.5768 12.4262 [10].
254.410 469.588 47.4979 12.4262 Cellulose
304.185 469.588 19.8266 12.4262 was
326.411 469.588 24.0608 12.4262 used
353.230 469.588 15.3170 12.4262 for
370.886 469.588 38.4422 12.4262 various
411.727 469.588 62.7897 12.4262 biochemical
477.276 469.588 39.5456 12.4262 conver-

90.0995 483.981 26.4356 12.4262 sions
118.933 483.981 24.1929 12.4262 even
145.525 483.981 33.0676 12.4262 before
180.992 483.981 12.4140 12.4262 its
195.805 483.981 52.5717 12.4262 polymeric
250.775 483.981 34.0641 12.4262 nature
287.118 483.981 19.8255 12.4262 was
309.342 483.981 56.8771 12.4262 recognized
368.978 483.981 19.4670 12.4262 and
391.084 483.981 21.3141 12.4262 well
415.157 483.981 62.3587 12.4262 understood.
480.274 483.981 10.9018 12.4262 In

90.0995 498.375 16.7202 12.4262 the
109.218 498.375 38.4300 12.4262 process
150.047 498.375 10.6032 12.4262 of
163.769 498.375 61.0380 12.4262 recognizing
227.565 498.375 19.4670 12.4262 and
249.791 498.375 75.7445 12.4262 understanding
328.294 498.375 12.4144 12.4262 its
343.108 498.375 52.5706 12.4262 polymeric
398.077 498.375 51.2040 12.4262 structure,
452.040 498.375 7.6884 12.4262 it
462.126 498.375 15.7487 12.4262 led
480.633 498.375 10.3872 12.4262 to
493.419 498.375 16.7200 12.4262 the

90.0995 512.768 49.6929 12.4262 discovery
142.190 512.768 10.6032 12.4262 of
155.911 512.768 73.7532 12.4262 nitrocellulose,
232.423 512.768 47.9176 12.4262 synthesis
282.739 512.768 10.6032 12.4262 of
296.460 512.768 77.7234 12.4262 organo-soluble
376.583 512.768 44.7152 12.4262 cellulose
423.697 512.768 36.0895 12.4262 acetate
462.186 512.768 19.4659 12.4262 and
484.411 512.768 16.7204 12.4262 the

90.0995 527.161 60.9074 12.4262 preparation
153.405 527.161 10.6017 12.4262 of
167.125 527.161 59.2162 12.4262 Schweizer’s
228.740 527.161 38.6220 12.4262 reagent
269.761 527.161 26.9393 12.4262 (first
299.099 527.161 44.7152 12.4262 cellulose
346.213 527.161 45.7217 12.4262 solvent).
394.694 527.161 43.3239 12.4262 Another
440.477 527.161 21.7458 12.4262 area
464.621 527.161 10.6032 12.4262 of
478.343 527.161 26.3397 12.4262 great

90.0995 541.555 39.2936 12.4262 interest
131.672 541.555 19.8266 12.4262 was
153.897 541.555 74.0759 12.4262 nanocellulose,
230.732 541.555 16.7203 12.4262 the
249.851 541.555 73.8960 12.4262 nanostructure
326.146 541.555 10.6032 12.4262 of
339.868 541.555 44.7152 12.4262 cellulose
386.982 541.555 17.3919 12.4262 has
406.772 541.555 36.2581 12.4262 proven
445.429 541.555 10.3872 12.4262 to
458.216 541.555 12.3782 12.4262 be
472.993 541.555 45.4469 12.4262 advanta-

90.0995 555.948 29.6019 12.4262 geous
122.100 555.948 40.6611 12.4262 because
165.159 555.948 10.6032 12.4262 of
178.880 555.948 12.4140 12.4262 its
193.693 555.948 62.9103 12.4262 applications
259.002 555.948 10.4471 12.4262 in
271.848 555.948 5.7093 12.4262 a
279.837 555.948 36.6778 12.4262 variety
318.913 555.948 10.6032 12.4262 of
332.635 555.948 28.4149 12.4262 fields
363.449 555.948 19.2882 12.4262 [11,
385.495 555.948 19.5027 12.4262 12].

107.099 570.342 21.4338 12.4262 Due
130.932 570.342 10.3872 12.4262 to
143.718 570.342 23.7728 12.4262 such
169.890 570.342 26.3397 12.4262 great
198.627 570.342 59.1561 12.4262 economical
260.542 570.342 61.9989 12.4262 significance
324.940 570.342 10.6017 12.4262 of
338.660 570.342 20.1743 12.4262 tree
361.234 570.342 48.0494 12.4262 cellulose,
412.042 570.342 16.7203 12.4262 the
431.161 570.342 38.6572 12.4262 current
472.217 570.342 47.4139 12.4262 scientific

90.0994 584.735 27.6950 12.4262 focus
120.193 584.735 8.2881 12.4262 is
130.880 584.735 27.0356 12.4262 more
160.313 584.735 41.4648 12.4262 towards
204.177 584.735 44.7152 12.4262 cellulose
251.291 584.735 64.4446 12.4262 biosynthesis
318.134 584.735 10.5431 12.4262 as
331.076 584.735 7.6884 12.4262 it
341.164 584.735 8.2881 12.4262 is
351.851 584.735 19.2392 12.4262 still
373.849 584.735 17.4640 12.4262 not
393.591 584.735 21.3141 12.4262 well
417.664 584.735 59.1682 12.4262 understood
479.591 584.735 23.8675 12.4262 [13].

90.0994 599.128 26.1238 12.4262 Most
118.622 599.128 10.6032 12.4262 of
132.343 599.128 16.7201 12.4262 the
151.463 599.128 32.4447 12.4262 recent
186.305 599.128 42.9761 12.4262 findings
231.680 599.128 58.0771 12.4262 concerning
292.516 599.128 16.7204 12.4262 the
311.635 599.128 51.8520 12.4262 molecular
365.944 599.128 59.6598 12.4262 mechanism
428.003 599.128 10.6032 12.4262 of
441.725 599.128 44.7151 12.4262 cellulose

90.0994 613.522 64.4459 12.4262 biosynthesis
156.944 613.522 10.4471 12.4262 in
169.789 613.522 33.5605 12.4262 higher
205.808 613.522 31.6292 12.4262 plants
239.836 613.522 41.7162 12.4262 resulted
284.311 613.522 25.8839 12.4262 from
312.594 613.522 43.3716 12.4262 research
358.364 613.522 10.4471 12.4262 in
371.209 613.522 32.3010 12.4262 model
406.269 613.522 58.5683 12.4262 herbaceous
467.236 613.522 31.6292 12.4262 plants
501.264 613.522 19.4671 12.4262 and

90.0994 627.915 24.9002 12.4262 fibre
117.398 627.915 28.2230 12.4262 crops
148.019 627.915 19.4671 12.4262 and
170.245 627.915 23.8329 12.4262 have
196.476 627.915 24.9125 12.4262 been
223.788 627.915 47.2341 12.4262 reviewed
273.780 627.915 44.1151 12.4262 recently.
320.654 627.915 15.2809 12.4262 All
338.694 627.915 27.1064 12.4262 these
368.199 627.915 37.6143 12.4262 aspects
408.212 627.915 35.1425 12.4262 trigger
445.815 627.915 5.7093 12.4262 a
453.923 627.915 47.9882 12.4262 research-

90.0994 642.309 18.0757 12.4262 ers’
110.933 642.309 45.9268 12.4262 curiosity
159.258 642.309 19.4671 12.4262 and
181.484 642.309 32.8409 12.4262 makes
216.723 642.309 27.0474 12.4262 them
246.050 642.309 26.1238 12.4262 want
274.572 642.309 10.3872 12.4262 to
287.358 642.309 16.4443 12.4262 dig
306.561 642.309 35.2022 12.4262 deeper
344.223 642.309 19.4671 12.4262 and
366.448 642.309 31.9533 12.4262 unveil
401.160 642.309 27.7553 12.4262 other
431.375 642.309 53.3737 12.4262 properties
487.147 642.309 19.4671 12.4262 and

90.0994 656.702 62.9093 12.4262 applications
155.407 656.702 10.6032 12.4262 of
169.129 656.702 47.6656 12.4262 cellulose.

90.0994 698.993 10.2253 13.7480 3.
102.752 698.993 64.1476 13.7480 Chemistry
169.063 698.993 12.6793 13.7480 of
184.170 698.993 52.5122 13.7480 cellulose

107.099 728.668 20.3307 12.4262 The
129.829 728.668 47.4979 12.4262 Cellulose
179.724 728.668 8.2881 12.4262 is
190.411 728.668 28.2946 12.4262 made
221.105 728.668 13.4936 12.4262 up
236.997 728.668 10.6032 12.4262 of
250.719 728.668 5.7093 12.4262 a
258.826 728.668 50.4361 12.4262 d-glucose
311.661 728.668 21.4940 12.4262 unit
335.554 728.668 9.8233 12.4262 at
347.775 728.668 18.9990 12.4262 one
369.173 728.668 19.3588 12.4262 end
391.291 728.668 19.4670 12.4262 and
413.517 728.668 5.7093 12.4262 a
421.625 728.668 37.7462 12.4262 C4-OH
462.130 728.668 33.9190 12.4262 group,
498.807 728.668 16.7203 12.4262 the

90.0994 743.061 70.5869 12.4262 non-reducing
163.445 743.061 22.9319 12.4262 end,
189.015 743.061 28.5348 12.4262 while
219.949 743.061 16.7200 12.4262 the
239.068 743.061 61.6395 12.4262 terminating
303.466 743.061 30.7044 12.4262 group
336.570 743.061 8.2881 12.4262 is
347.257 743.061 40.3492 12.4262 C1-OH,
390.365 743.061 16.7190 12.4262 the
409.483 743.061 45.6505 12.4262 reducing
457.892 743.061 19.3588 12.4262 end
479.889 743.061 24.0008 12.4262 with

90.0994 757.455 46.1783 12.4262 aldehyde
138.676 757.455 50.8191 12.4262 structure.
192.254 757.455 28.8107 12.4262 Some
223.464 757.455 46.8019 12.4262 technical
273.024 757.455 49.4277 12.4262 celluloses
324.851 757.455 39.0180 12.4262 contain
366.268 757.455 26.7478 12.4262 extra
395.415 757.455 45.4935 12.4262 carbonyl
443.667 757.455 19.4670 12.4262 and
465.893 757.455 41.8361 12.4262 carboxy

90.0994 771.848 38.8742 12.4262 groups,
131.732 771.848 18.8070 12.4262 like
152.938 771.848 16.7201 12.4262 the
172.056 771.848 45.8544 12.4262 bleached
220.549 771.848 28.6068 12.4262 wood
251.914 771.848 26.5794 12.4262 pulp.
280.893 771.848 20.3307 12.4262 The
303.621 771.848 51.8520 12.4262 molecular
357.932 771.848 47.8696 12.4262 structure
408.201 771.848 8.2881 12.4262 is
418.888 771.848 59.0832 12.4262 responsible
480.370 771.848 15.3167 12.4262 for
498.145 771.848 12.4140 12.4262 its

90.0994 786.242 55.1381 12.4262 significant
147.636 786.242 56.0608 12.4262 properties:
206.455 786.242 48.7336 12.4262 Chirality,
257.948 786.242 76.0312 12.4262 hydrophilicity,
336.738 786.242 68.7989 12.4262 degradability
407.935 786.242 19.4671 12.4262 and
430.161 786.242 46.2627 12.4262 chemical
479.063 786.242 25.0431 12.4262 vari-

90.0994 800.635 33.1645 12.4262 ability
125.662 800.635 18.9751 12.4262 due
147.035 800.635 10.3884 12.4262 to
159.821 800.635 23.1611 12.4262 high
185.382 800.635 49.6447 12.4262 reactivity
237.425 800.635 25.8840 12.4262 from
265.707 800.635 16.7200 12.4262 the
284.826 800.635 31.2092 12.4262 donor
318.494 800.635 64.8536 12.4262 group—OH.
386.106 800.635 20.3293 12.4262 The
408.835 800.635 43.4441 12.4262 superior
454.737 800.635 48.9131 12.4262 hydrogen

90.0994 815.028 31.6653 12.4262 bonds
124.163 815.028 19.1429 12.4262 add
146.065 815.028 54.1651 12.4262 crystalline
202.629 815.028 24.9005 12.4262 fibre
229.928 815.028 52.5823 12.4262 structures
284.909 815.028 10.3872 12.4262 to
297.696 815.028 47.6656 12.4262 cellulose.
348.121 815.040 35.5516 12.4982 Figure
385.880 815.040 5.5774 12.4982 1
394.215 815.028 43.2999 12.4262 presents
439.914 815.028 16.7200 12.4262 the
459.033 815.028 22.1295 12.4262 four

90.1000 848.115 4.8937 9.9986 3

90.1000 24.9644 13.4397 11.0433 An
106.130 24.9644 32.5905 11.0433 Update
141.311 24.9644 10.8274 11.0433 on
154.730 24.9644 42.7789 11.0433 Overview
200.099 24.9644 8.3445 11.0433 of
211.693 24.9644 41.7871 11.0433 Cellulose,
256.071 24.9644 10.4710 11.0433 Its
269.133 24.9644 40.9326 11.0433 Structure
312.548 24.9644 17.1966 11.0433 and
332.336 24.9644 55.6918 11.0433 Applications

90.1000 38.1582 22.3025 11.0433 DOI:
115.371 38.1582 186.319 11.0433 http://dx.doi.org/10.5772/intechopen.84727

90.1000 397.601 45.7710 12.4262 different
138.269 397.601 48.6248 12.4262 pathways
189.173 397.601 31.7600 12.4262 which
223.332 397.601 53.2910 12.4262 determine
279.022 397.601 16.7200 12.4262 the
298.141 397.601 30.3817 12.4262 major
330.982 397.601 54.9450 12.4262 processing
388.685 397.601 35.1312 12.4262 routes.
426.215 397.601 20.3307 12.4262 The
448.945 397.601 25.8240 12.4262 most
477.168 397.601 38.4419 12.4262 famous

90.1000 411.994 19.4668 12.4262 and
112.325 411.994 32.8405 12.4262 highly
147.564 411.994 24.0596 12.4262 used
174.383 411.994 44.0314 12.4262 pathway
220.813 411.994 8.2881 12.4262 is
231.500 411.994 16.7200 12.4262 the
250.619 411.994 66.9394 12.4262 manufacture
319.957 411.994 10.6032 12.4262 of
333.679 411.994 44.7152 12.4262 cellulose
380.793 411.994 25.8840 12.4262 from
409.075 411.994 34.5797 12.4262 plants.
446.413 411.994 8.0844 12.4262 It
456.896 411.994 8.2881 12.4262 is
467.583 411.994 31.5458 12.4262 estab-

90.1000 426.388 30.8015 12.4262 lished
123.660 426.388 20.9064 12.4262 that
146.965 426.388 44.7151 12.4262 cellulose
194.079 426.388 8.2881 12.4262 is
204.765 426.388 31.0533 12.4262 found
238.577 426.388 10.4471 12.4262 in
251.423 426.388 12.4140 12.4262 its
266.236 426.388 32.9365 12.4262 purest
301.571 426.388 25.7158 12.4262 form
329.685 426.388 25.8840 12.4262 from
357.968 426.388 16.7200 12.4262 the
377.087 426.388 22.8612 12.4262 seed
402.707 426.388 25.5241 12.4262 hairs
430.630 426.388 10.6032 12.4262 of
444.351 426.388 36.5232 12.4262 cotton.
483.272 426.388 20.3307 12.4262 The

90.1000 440.781 28.6068 12.4262 wood
121.465 440.781 48.0479 12.4262 cellulose,
172.272 440.781 13.3618 12.4262 on
188.032 440.781 16.7201 12.4262 the
207.152 440.781 27.7550 12.4262 other
237.365 440.781 26.3159 12.4262 hand
266.440 440.781 30.4901 12.4262 forms
299.329 440.781 5.7093 12.4262 a
307.437 440.781 53.2422 12.4262 composite
362.958 440.781 24.0008 12.4262 with
389.358 440.781 30.4178 12.4262 lignin
422.173 440.781 19.4671 12.4262 and
444.399 440.781 27.7553 12.4262 other
474.613 440.781 43.0230 12.4262 polysac-

90.1000 455.175 46.7179 12.4262 charides,
139.456 455.175 31.7612 12.4262 which
173.617 455.175 8.2881 12.4262 is
184.304 455.175 37.9612 12.4262 further
224.724 455.175 49.6685 12.4262 separated
277.151 455.175 12.8698 12.4262 by
292.420 455.175 25.4278 12.4262 large
320.246 455.175 25.1163 12.4262 scale
347.762 455.175 46.2628 12.4262 chemical
396.783 455.175 40.2640 12.4262 pulping
439.806 455.175 19.4670 12.4262 and
462.031 455.175 45.4585 12.4262 purifica-

90.1000 469.568 21.0502 12.4262 tion
113.548 469.568 51.7675 12.4262 processes.
168.075 469.568 47.4965 12.4262 Cellulose
217.970 469.568 18.2675 12.4262 can
238.636 469.568 12.3782 12.4262 be
253.413 469.568 38.8846 12.4262 derived
295.057 469.568 25.8839 12.4262 from
323.340 469.568 29.6382 12.4262 algae,
355.737 469.568 27.2394 12.4262 some
385.375 469.568 39.6413 12.4262 specific
427.415 469.568 45.2299 12.4262 bacteria,
475.404 469.568 19.4670 12.4262 and

90.1000 483.961 31.4970 12.4262 fungi,
124.355 483.961 27.3581 12.4262 apart
154.112 483.961 25.8840 12.4262 from
182.395 483.961 25.8240 12.4262 most
210.618 483.961 34.5797 12.4262 plants.
247.597 483.961 20.3307 12.4262 The
270.327 483.961 80.6386 12.4262 supramolecular
353.423 483.961 52.5834 12.4262 structures
408.405 483.961 16.0364 12.4262 are
426.841 483.961 24.0608 12.4262 used
453.660 483.961 15.3158 12.4262 for
471.435 483.961 43.3716 12.4262 research

90.1000 498.355 13.3618 12.4262 on
105.860 498.355 44.7151 12.4262 cellulose
152.973 498.355 55.9177 12.4262 structures,
211.649 498.355 52.0184 12.4262 reactivity,
266.426 498.355 19.4669 12.4262 and
288.652 498.355 62.5622 12.4262 crystallinity
353.493 498.355 24.0008 12.4262 with
379.891 498.355 37.9624 12.4262 further
420.313 498.355 22.9212 12.4262 note
445.633 498.355 13.3618 12.4262 on
461.393 498.355 44.9796 12.4262 develop-

90.1000 512.748 27.0956 12.4262 ment
119.594 512.748 10.6032 12.4262 of
133.316 512.748 64.3971 12.4262 biomaterials
200.112 512.748 19.4671 12.4262 and
222.337 512.748 21.9856 12.4262 new
246.722 512.748 58.6761 12.4262 substances.
308.157 512.748 74.7477 12.4262 Cyanobacteria
385.304 512.748 16.0364 12.4262 are
403.739 512.748 36.1151 12.4262 known
442.253 512.748 10.3872 12.4262 to
455.039 512.748 56.0604 12.4262 biosynthe-

90.1000 527.142 19.7069 12.4262 size
112.205 527.142 44.7151 12.4262 cellulose
159.319 527.142 15.3167 12.4262 for
177.095 527.142 32.7089 12.4262 nearly
212.202 527.142 14.2254 12.4262 3.5
229.186 527.142 33.6443 12.4262 billion
264.989 527.142 27.0832 12.4262 years
294.471 527.142 23.9772 12.4262 [15].
320.847 527.142 20.3307 12.4262 The
343.577 527.142 21.6620 12.4262 first
367.638 527.142 47.9177 12.4262 synthesis
417.953 527.142 10.6032 12.4262 of
431.675 527.142 44.7151 12.4262 cellulose
478.789 527.142 10.4471 12.4262 in
491.995 527.142 25.2352 12.4262 vitro

90.0995 541.535 8.2881 12.4262 is
100.786 541.535 45.0029 12.4262 reported
148.548 541.535 10.5431 12.4262 as
161.489 541.535 16.7201 12.4262 the
180.608 541.535 125.700 12.4262 cellucellulase—cellulose
308.707 541.535 52.3542 12.4262 formation
363.460 541.535 12.8699 12.4262 by
378.729 541.535 48.8892 12.4262 catalyzed
430.377 541.535 54.8973 12.4262 cellobiosyl

90.0995 555.928 41.4287 12.4262 fluoride
133.927 555.928 19.4671 12.4262 and
156.152 555.928 16.7204 12.4262 the
175.271 555.928 82.4855 12.4262 chemosynthesis
260.035 555.928 19.8266 12.4262 was
282.261 555.928 50.8443 12.4262 processed
335.864 555.928 10.4471 12.4262 in
348.708 555.928 5.7093 12.4262 a
356.816 555.928 21.3741 12.4262 ring
380.949 555.928 42.2802 12.4262 opening
425.988 555.928 79.6176 12.4262 polymerization

90.0995 570.322 10.6030 12.4262 of
103.821 570.322 16.7200 12.4262 the
122.940 570.322 50.4361 12.4262 d-glucose
175.775 570.322 43.9104 12.4262 moieties
222.084 570.322 24.4212 12.4262 [16].
249.264 570.322 8.6120 12.4262 A
260.634 570.322 13.8416 12.4262 lot
276.874 570.322 10.6032 12.4262 of
290.596 570.322 43.3716 12.4262 research
336.366 570.322 8.2881 12.4262 is
347.053 570.322 42.1002 12.4262 ongoing
391.912 570.322 10.4471 12.4262 in
404.757 570.322 16.7212 12.4262 the
423.876 570.322 23.5812 12.4262 field
450.216 570.322 19.4669 12.4262 and
472.441 570.322 28.8585 12.4262 study
503.699 570.322 10.6017 12.4262 of

90.0993 584.715 44.7149 12.4262 cellulose
137.212 584.715 22.6457 12.4262 over
162.316 584.715 16.7212 12.4262 the
181.435 584.715 21.5057 12.4262 past
205.340 584.715 38.7059 12.4262 decade.
246.444 584.715 20.3307 12.4262 The
269.174 584.715 47.8684 12.4262 structure
319.441 584.715 19.4671 12.4262 and
341.667 584.715 53.3744 12.4262 properties
397.440 584.715 10.6032 12.4262 of
411.162 584.715 44.7151 12.4262 cellulose
458.276 584.715 16.0364 12.4262 are
476.711 584.715 42.6387 12.4262 quintes-

90.0993 599.109 34.1363 12.4262 sential
126.994 599.109 10.3872 12.4262 to
139.780 599.109 42.9509 12.4262 perform
185.130 599.109 71.7626 12.4262 modifications
259.291 599.109 19.4671 12.4262 and
281.517 599.109 54.9450 12.4262 processing
339.221 599.109 10.6032 12.4262 of
352.942 599.109 44.7152 12.4262 cellulose
400.056 599.109 13.3618 12.4262 on
415.816 599.109 16.7200 12.4262 the
434.815 599.109 34.3041 12.4262 whole.

90.0993 641.400 11.5051 13.7480 4.
104.032 641.400 63.1846 13.7480 Properties
169.644 641.400 12.6793 13.7480 of
184.751 641.400 52.5121 13.7480 cellulose

107.099 671.075 20.2104 12.4262 The
129.588 671.075 47.3900 12.4262 structure
179.257 671.075 10.5429 12.4262 of
192.798 671.075 44.2356 12.4262 cellulose
239.313 671.075 17.2719 12.4262 has
258.864 671.075 24.7326 12.4262 been
285.875 671.075 53.7711 12.4262 constantly
341.926 671.075 5.7093 12.4262 a
349.914 671.075 36.5832 12.4262 subject
388.776 671.075 47.8840 12.4262 requiring
439.298 671.075 46.2758 12.4262 intensive

90.0993 685.468 42.9518 12.4262 research
135.329 685.468 10.4831 12.4262 as
148.091 685.468 7.6284 12.4262 it
157.999 685.468 8.2282 12.4262 is
168.506 685.468 37.7953 12.4262 formed
208.940 685.468 12.8089 12.4262 by
224.028 685.468 16.6015 12.4262 the
242.908 685.468 48.4934 12.4262 hydrogen
293.681 685.468 31.4254 12.4262 bonds
327.386 685.468 43.5290 12.4262 between
373.194 685.468 16.6003 12.4262 the
392.073 685.468 43.1681 12.4262 network
437.640 685.468 10.5429 12.4262 of
451.182 685.468 42.6403 12.4262 hydroxy

90.0993 699.862 35.2397 12.4262 groups
127.617 699.862 23.7243 12.4262 [17].
153.621 699.862 20.2104 12.4262 The
176.110 699.862 43.4075 12.4262 progress
221.677 699.862 19.7069 12.4262 was
243.663 699.862 15.1968 12.4262 for
261.198 699.862 26.8558 12.4262 more
290.334 699.862 23.6050 12.4262 than
316.219 699.862 5.7093 12.4262 a
324.206 699.862 19.0828 12.4262 100
345.928 699.862 26.8422 12.4262 years
375.049 699.862 10.5429 12.4262 of
388.590 699.862 46.2744 12.4262 intensive
437.144 699.862 66.8565 12.4262 development

90.0994 714.255 13.3018 12.4262 on
105.680 714.255 47.3900 12.4262 structure
155.349 714.255 40.5531 12.4262 analysis
198.180 714.255 44.7270 12.4262 methods
245.186 714.255 18.6273 12.4262 like
266.093 714.255 42.0521 12.4262 electron
310.424 714.255 61.7706 12.4262 microscopy,
374.833 714.255 28.8225 12.4262 X-ray
405.935 714.255 55.5702 12.4262 diffraction
463.784 714.255 19.3481 12.4262 and
485.771 714.255 22.9814 12.4262 high

90.1000 352.276 28.4411 9.9986 Figure
120.306 352.276 6.9654 9.9986 1.

90.1000 363.157 24.5071 9.8163 Major
116.910 363.157 36.8276 9.8163 pathways
156.040 363.157 7.4174 9.8163 of
166.346 363.157 39.0826 9.8163 formation
207.731 363.157 7.4174 9.8163 of
218.036 363.157 31.5605 9.8163 cellulose
251.899 363.157 19.2182 9.8163 [14].

90.1000 806.048 28.4411 9.9986 Figure
120.306 806.048 7.3877 9.9986 2.

90.1000 816.929 39.9176 9.8163 Molecular
132.320 816.929 34.5431 9.8163 structure
169.166 816.929 7.4174 9.8163 of
179.471 816.929 31.5596 9.8163 cellulose
213.333 816.929 9.4326 9.8163 (n
225.069 816.929 5.3735 9.8163 =
232.745 816.929 14.1247 9.8163 DP,
249.173 816.929 24.2282 9.8163 degree
275.704 816.929 7.4174 9.8163 of
286.009 816.929 63.5322 9.8163 polymerization)
351.844 816.929 19.2189 9.8163 [14].

90.1000 24.9644 38.1171 11.0433 Cellulose

90.1000 848.115 5.8245 9.9986 4

90.1000 311.934 51.9479 12.4262 resolution
144.326 311.934 24.4924 12.4262 solid
171.457 311.934 24.0741 12.4262 state
197.810 311.934 27.9589 12.4262 NMR
228.408 311.934 69.0878 12.4262 spectroscopy.
299.775 311.934 20.2116 12.4262 The
322.264 311.934 47.1010 12.4262 complete
371.644 311.934 40.9980 12.4262 detailed
415.281 311.934 40.5532 12.4262 analysis
458.113 311.934 8.2282 12.4262 is
468.620 311.934 43.6355 12.4262 required

90.1000 326.327 15.1971 12.4262 for
107.636 326.327 16.6003 12.4262 the
126.515 326.327 56.8535 12.4262 procedures
185.647 326.327 10.5429 12.4262 of
199.189 326.327 47.6309 12.4262 synthetic
249.099 326.327 46.9211 12.4262 reactions
298.299 326.327 19.3469 12.4262 and
320.285 326.327 44.2353 12.4262 cellulose
366.799 326.327 29.4223 12.4262 based
398.860 326.327 50.9187 12.4262 manmade
452.058 326.327 45.3625 12.4262 products

90.1000 340.720 23.8209 12.4262 with
116.199 340.720 47.9775 12.4262 extensive
166.456 340.720 65.1415 12.4262 applications.
233.876 340.720 20.2104 12.4262 The
256.366 340.720 47.3901 12.4262 structure
306.035 340.720 10.5429 12.4262 of
319.576 340.720 44.2356 12.4262 cellulose
366.091 340.720 10.4831 12.4262 as
378.853 340.720 44.2594 12.4262 depicted
425.751 340.720 10.3872 12.4262 in
438.415 340.732 35.2516 12.4982 Figure
475.753 340.732 6.2971 12.4982 2

90.1000 355.114 40.4687 12.4262 consists
132.847 355.114 10.5429 12.4262 of
146.389 355.114 45.7707 12.4262 hydroxyl
194.798 355.114 35.2395 12.4262 groups
232.316 355.114 10.5429 12.4262 of
245.858 355.941 63.9419 10.7950 β-1,4-glucan
312.078 355.114 44.2356 12.4262 cellulose
358.593 355.114 9.7634 12.4262 at
370.635 355.114 17.3917 12.4262 C2,
390.666 355.114 13.8417 12.4262 C3
407.146 355.114 19.3468 12.4262 and
429.132 355.114 17.0442 12.4262 C6.
448.455 355.114 20.2104 12.4262 The
470.944 355.114 17.4758 12.4262 CH
488.119 360.009 3.9056 8.3256 2
491.743 355.114 18.3035 12.4262 OH

90.0997 369.507 30.4660 12.4262 group
122.844 369.507 8.2282 12.4262 is
133.351 369.507 54.3468 12.4262 positioned
190.336 369.507 37.9742 12.4262 relative
230.590 369.507 10.3273 12.4262 to
243.196 369.507 16.6003 12.4262 the
262.075 369.507 14.7062 12.4262 C4
279.420 369.507 19.3468 12.4262 and
301.406 369.507 13.5297 12.4262 C5
317.574 369.507 31.4265 12.4262 bonds
351.279 369.507 28.2348 12.4262 along
382.033 369.507 23.8209 12.4262 with
408.133 369.507 5.7093 12.4262 a
416.121 369.507 27.5750 12.4262 shear
446.035 369.507 46.6942 12.4262 relativity

90.0997 383.901 23.8209 12.4262 with
116.199 383.901 34.4841 12.4262 O5–C5
153.322 383.901 34.3158 12.4262 bonds.
189.917 383.901 20.2104 12.4262 The
212.406 383.901 24.4924 12.4262 solid
239.537 383.901 24.0729 12.4262 state
265.890 383.901 8.2282 12.4262 is
276.397 383.901 37.2427 12.4262 equally
315.919 383.901 28.0911 12.4262 likely
346.289 383.901 10.3273 12.4262 to
358.895 383.901 12.3182 12.4262 be
373.492 383.901 60.4995 12.4262 represented
436.631 383.901 10.3872 12.4262 in
449.297 383.901 16.6003 12.4262 the
468.176 383.901 38.9430 12.4262 crystal-

90.0997 398.294 19.2389 12.4262 line
111.617 398.294 28.1988 12.4262 (high
142.095 398.294 33.1165 12.4262 order)
177.850 398.294 19.3470 12.4262 and
199.836 398.294 58.2808 12.4262 amorphous
260.395 398.294 24.0609 12.4262 (low
286.735 398.294 36.2471 12.4262 order).
325.261 398.294 20.2104 12.4262 The
347.750 398.294 34.3881 12.4262 crystal
384.777 398.294 47.3900 12.4262 structure
434.446 398.294 10.3872 12.4262 in
447.112 398.294 50.8080 12.4262 particular
500.259 398.294 8.2282 12.4262 is

90.0997 412.687 59.4924 12.4262 determined
152.230 412.687 12.8101 12.4262 by
167.320 412.687 16.6003 12.4262 the
186.199 412.687 28.8236 12.4262 X-ray
217.300 412.687 55.5702 12.4262 diffraction
275.149 412.687 27.9243 12.4262 using
305.712 412.687 5.7093 12.4262 a
313.701 412.687 57.6860 12.4262 monoclinic
373.666 412.687 21.3140 12.4262 unit
397.260 412.687 17.5121 12.4262 cell
417.290 412.687 31.5213 12.4262 which
451.091 412.687 8.2282 12.4262 is
461.598 412.687 28.1151 12.4262 made
491.992 412.687 13.4337 12.4262 up

90.0997 427.081 10.5432 12.4262 of
103.641 427.081 19.5507 12.4262 two
125.470 427.081 44.2356 12.4262 cellulose
171.985 427.081 32.9368 12.4262 chains
207.201 427.081 10.3872 12.4262 in
219.867 427.081 5.7093 12.4262 a
227.855 427.081 38.0113 12.4262 parallel
268.505 427.081 57.3691 12.4262 orientation
328.153 427.081 19.3469 12.4262 and
350.139 427.081 19.5508 12.4262 two
371.969 427.081 20.3785 12.4262 fold
394.986 427.081 29.8420 12.4262 screw
427.107 427.081 20.3784 12.4262 axis
449.764 427.081 23.8062 12.4262 [18].
475.849 427.081 20.2105 12.4262 The

90.0995 441.474 71.0069 12.4262 investigations
163.265 441.474 23.8209 12.4262 with
189.365 441.474 37.0265 12.4262 respect
228.670 441.474 10.3273 12.4262 to
241.276 441.474 16.6003 12.4262 the
260.157 441.474 42.0537 12.4262 electron
304.488 441.474 58.3286 12.4262 microbeam
365.096 441.474 59.0846 12.4262 diffraction,
426.819 441.474 51.2283 12.4262 combined
480.686 441.474 28.8237 12.4262 X-ray

90.0995 455.868 19.3469 12.4262 and
112.061 455.868 41.3087 12.4262 neutron
155.624 455.868 55.5703 12.4262 diffraction
213.449 455.868 23.6528 12.4262 have
239.357 455.868 34.1733 12.4262 clearly
275.785 455.868 47.7138 12.4262 indicated
326.114 455.868 20.7277 12.4262 that
349.097 455.868 16.6001 12.4262 the
367.951 455.868 44.2354 12.4262 cellulose
414.442 455.868 53.5671 12.4262 crystalline
470.264 455.868 52.0436 12.4262 structures

90.0995 470.261 23.6530 12.4262 have
116.031 470.261 5.7093 12.4262 a
124.019 470.261 40.1935 12.4262 triclinic
166.493 470.261 19.3469 12.4262 and
188.478 470.261 57.6799 12.4262 monoclinic
248.436 470.261 21.3140 12.4262 unit
272.030 470.261 20.6426 12.4262 cell.
294.952 470.261 20.2104 12.4262 The
317.441 470.261 51.3961 12.4262 schematic
371.116 470.261 79.4027 12.4262 representations
452.798 470.261 10.5429 12.4262 of
466.339 470.261 16.6003 12.4262 the
485.218 470.261 4.1501 12.4262 I
489.307 475.711 3.9860 7.2327 β
495.951 470.261 25.8839 12.4262 crys-

90.0990 484.654 13.0740 12.4262 tal
105.811 484.654 50.6644 12.4262 structure,
159.114 484.654 10.3872 12.4262 in
171.780 484.666 35.2516 12.4982 Figure
209.118 484.666 9.6310 12.4982 3,
221.388 484.654 41.0327 12.4262 indicate
264.700 484.654 16.6003 12.4262 the
283.579 484.654 19.5507 12.4262 two
305.409 484.654 76.1177 12.4262 intramolecular
383.865 484.654 82.3780 12.4262 chain-stiffening
468.882 484.654 48.4936 12.4262 hydrogen

90.0986 499.048 34.3158 12.4262 bonds.
126.693 499.048 20.2104 12.4262 The
149.182 499.048 32.1449 12.4262 recent
183.606 499.048 53.1840 12.4262 researches
239.069 499.048 13.3018 12.4262 on
254.650 499.048 16.6003 12.4262 the
273.529 499.048 4.1501 12.4262 I
277.618 504.498 3.9860 7.2327 β
284.263 499.048 34.3881 12.4262 crystal
321.289 499.048 47.3900 12.4262 structure
370.958 499.048 23.6530 12.4262 have
396.890 499.048 45.2906 12.4262 different
444.460 499.048 44.5714 12.4262 H-bonds
491.310 499.048 19.3470 12.4262 and

90.0983 513.441 45.2905 12.4262 different
137.667 513.441 75.2292 12.4262 conformations
215.175 513.441 10.5429 12.4262 of
228.717 513.441 69.4479 12.4262 neighbouring
300.803 513.441 35.8273 12.4262 chains.
338.910 513.441 20.2104 12.4262 The
361.399 513.441 101.125 12.4262 thermodynamically
464.803 513.441 30.0115 12.4262 stable

90.0983 527.835 44.2355 12.4262 cellulose
136.612 527.835 8.2402 12.4262 II
147.491 527.835 18.1475 12.4262 can
167.918 527.835 28.7866 12.4262 occur
199.043 527.835 10.3872 12.4262 in
211.709 527.835 27.5150 12.4262 other
241.563 527.835 30.2497 12.4262 forms
274.093 527.835 10.5417 12.4262 of
287.633 527.835 34.3893 12.4262 crystal
324.661 527.835 52.0437 12.4262 structures
378.984 527.835 19.3469 12.4262 and
400.970 527.835 8.2282 12.4262 is
411.477 527.835 16.6003 12.4262 the
430.356 527.835 25.6442 12.4262 most
458.279 527.835 30.0103 12.4262 stable
490.568 527.835 25.5359 12.4262 form

90.0983 542.228 10.5432 12.4262 of
103.639 542.228 47.1263 12.4262 cellulose.
153.045 542.228 20.2104 12.4262 The
175.534 542.228 44.2356 12.4262 cellulose
222.049 542.228 4.1501 12.4262 I
228.838 542.228 18.1475 12.4262 can
249.264 542.228 12.3182 12.4262 be
263.861 542.228 36.2246 12.4262 treated
302.606 542.228 23.8209 12.4262 with
328.707 542.228 41.9081 12.4262 aqueous
372.893 542.228 38.3701 12.4262 sodium
413.541 542.228 51.8413 12.4262 hydroxide
467.660 542.228 10.3285 12.4262 to
480.266 542.228 25.5359 12.4262 form

90.0983 556.621 44.2355 12.4262 cellulose
136.612 556.621 11.3707 12.4262 II.

90.0983 595.314 9.9482 13.7480 5.
102.210 595.314 37.0087 13.7480 Types
141.646 595.314 12.6793 13.7480 of
156.753 595.314 52.5109 13.7480 cellulose

90.0983 625.001 14.3813 12.4982 5.1
106.686 625.001 49.1760 12.4982 Bacterial
158.069 625.001 47.7376 12.4982 cellulose

107.098 653.776 50.5564 12.4262 Although
160.461 653.776 46.3464 12.4262 cellulose
209.614 653.776 8.4920 12.4262 is
220.913 653.776 37.2546 12.4262 mainly
260.974 653.776 50.4119 12.4262 produced
314.552 653.776 13.0737 12.4262 by
330.433 653.776 36.1870 12.4262 plants,
369.786 653.776 29.8420 12.4262 many
402.435 653.776 46.8623 12.4262 bacteria,
452.464 653.776 52.4512 12.4262 especially

90.0983 668.169 28.7386 12.4262 those
121.643 668.169 53.1950 12.4262 belonging
178.005 668.169 10.5911 12.4262 to
191.403 668.169 17.1279 12.4262 the
211.337 668.169 30.9565 12.4262 genus
245.101 668.289 93.4363 12.2703 Gluconacetobacter
341.704 668.289 15.8807 12.2703 are
360.871 668.289 41.8728 12.2703 involved
406.030 668.289 10.1714 12.2703 in
419.488 668.289 15.0530 12.2703 the
437.827 668.289 55.3677 12.2703 production
496.482 668.289 9.4756 12.2703 of

90.0983 682.683 6.3091 12.2703 a
99.4537 682.563 23.6051 12.4262 very
125.865 682.563 43.6237 12.4262 peculiar
172.355 682.563 26.3275 12.4262 form
201.489 682.563 10.8083 12.4262 of
215.822 682.563 46.3464 12.4262 cellulose
264.855 682.563 24.6125 12.4262 with
292.274 682.563 60.8112 12.4262 mechanical
356.252 682.563 19.8746 12.4262 and
379.293 682.563 53.1719 12.4262 structural
435.631 682.563 55.2107 12.4262 properties
493.649 682.563 21.5178 12.4262 that

90.0983 696.956 18.6753 12.4262 can
111.580 696.956 12.5821 12.4262 be
126.969 696.956 49.9677 12.4262 exploited
180.103 696.956 10.6510 12.4262 in
193.561 696.956 53.7954 12.4262 numerous
250.163 696.956 68.3077 12.4262 applications.
321.637 696.956 47.1862 12.4262 Bacterial
371.990 696.956 46.3452 12.4262 cellulose
421.143 696.956 16.4443 12.4262 are
440.394 696.956 38.4061 12.4262 usually
481.607 696.956 23.0521 12.4262 pro-

90.0983 711.350 31.9769 12.4262 duced
125.241 711.350 13.0738 12.4262 by
141.122 711.469 93.4363 12.2703 Gluconacetobacter
238.264 711.469 42.4842 12.2703 hansenii
283.913 711.350 48.9849 12.4262 UCP1619
336.065 711.350 28.9783 12.4262 using
368.209 711.350 17.1282 12.4262 the
388.144 711.350 96.1124 12.4262 Hestrin-Schramm
487.062 711.350 26.6995 12.4262 (HS)

90.0981 725.743 47.8576 12.4262 medium.
141.122 725.743 18.8073 12.4262 But
162.736 725.743 27.7911 12.4262 there
193.334 725.743 16.4443 12.4262 are
212.585 725.743 19.5505 12.4262 few
234.942 725.743 58.2580 12.4262 limitations
296.007 725.743 54.6341 12.4262 associated
353.687 725.743 24.6125 12.4262 with
381.106 725.743 46.6224 12.4262 bacterial
430.895 725.743 46.3463 12.4262 cellulose
480.048 725.743 19.4189 12.4262 like

90.0981 740.136 17.1280 12.4262 the
110.032 740.136 59.7077 12.4262 production
172.547 740.136 21.5420 12.4262 cost
196.895 740.136 8.4920 12.4262 is
208.194 740.136 27.5511 12.4262 high,
238.912 740.136 17.7277 12.4262 use
259.446 740.136 10.8071 12.4262 of
273.780 740.136 52.8359 12.4262 expensive
329.423 740.136 38.5141 12.4262 culture
370.744 740.136 36.6069 12.4262 media,
410.517 740.136 24.9843 12.4262 poor
438.129 740.136 35.1422 12.4262 yields,
476.438 740.136 34.7317 12.4262 down-

90.0981 754.530 36.5708 12.4262 stream
129.475 754.530 60.3197 12.4262 processing,
192.962 754.530 19.8747 12.4262 and
216.003 754.530 51.4930 12.4262 operating
270.662 754.530 29.6262 12.4262 costs.
303.455 754.530 47.1862 12.4262 Bacterial
353.808 754.530 46.3463 12.4262 cellulose
402.961 754.530 18.6753 12.4262 can
424.443 754.530 20.8583 12.4262 also
448.108 754.530 12.5821 12.4262 be
463.497 754.530 50.4130 12.4262 produced

90.0981 768.923 13.0739 12.4262 by
105.978 768.923 43.0824 12.4262 bacteria
151.867 768.923 26.4959 12.4262 from
181.170 768.923 35.6115 12.4262 genera
219.589 769.043 42.7837 12.2703 Sarcina,
265.539 768.923 19.8747 12.4262 and
288.580 769.043 76.2834 12.2703 Agrobacterium
368.030 768.923 24.9842 12.4262 [19].
396.180 769.043 46.9807 12.2703 Bacterial
446.449 769.043 41.0815 12.2703 cellulose

90.0979 783.436 46.3347 12.2703 produced
139.719 783.436 11.7546 12.2703 by
154.639 783.436 36.6671 12.2703 aerobic
194.592 783.436 41.9431 12.2703 bacteria
240.241 783.436 16.7083 12.2703 has
260.236 783.436 34.6277 12.2703 unique
298.150 783.436 75.7672 12.2703 physiochemical
377.204 783.436 50.4478 12.2703 properties
430.938 783.436 48.9368 12.2703 compared
483.161 783.436 9.3077 12.2703 to

90.0979 797.830 27.2155 12.2703 plant
120.598 797.830 41.0808 12.2703 cellulose
164.846 797.710 26.0518 12.4262 [20].

90.1000 261.812 28.4411 9.9986 Figure
120.306 261.812 7.0335 9.9986 3.

90.1000 272.693 15.1609 9.8163 The
107.563 272.693 25.8590 9.8163 crystal
135.725 272.693 37.5083 9.8163 structures
175.536 272.693 7.4174 9.8163 of
185.841 272.693 31.5596 9.8163 cellulose
219.704 272.693 3.3680 9.8163 I
225.279 272.693 15.2859 9.8163 and
242.868 272.693 8.9047 9.8163 II:
254.075 272.693 13.4715 9.8163 (a)
269.850 272.693 38.7277 9.8163 projection
310.880 272.693 7.4174 9.8163 of
321.185 272.693 11.7162 9.8163 the
335.204 272.693 16.2261 9.8163 unit
353.733 272.693 12.8186 9.8163 cell
368.759 272.693 21.3024 9.8163 along
392.364 272.693 11.7161 9.8163 the
406.287 272.693 13.8272 9.8163 a-b
422.417 272.693 21.8867 9.8163 plane
446.511 272.693 15.2859 9.8163 and
464.100 272.693 13.5202 9.8163 (b)
479.923 272.693 38.7269 9.8163 projection

90.1000 283.488 7.4174 9.8163 of
100.405 283.488 13.5872 9.8163 UC
116.295 283.488 30.4938 9.8163 parallel
149.092 283.488 7.2830 9.8163 to
158.678 283.488 21.7434 9.8163 (100)
182.724 283.488 24.3334 9.8163 lattice
209.361 283.488 24.3820 9.8163 plane,
236.046 283.488 31.5587 9.8163 cellulose
269.907 283.488 3.3680 9.8163 I
275.482 283.488 15.2859 9.8163 and
293.071 283.488 21.2639 9.8163 (010)
316.638 283.488 24.3334 9.8163 lattice
343.274 283.488 24.3820 9.8163 plane,
369.959 283.488 31.5587 9.8163 cellulose
403.821 283.488 6.7361 9.8163 II
412.860 283.488 19.2207 9.8163 [14].

90.1000 848.115 4.6922 9.9986 5

90.1000 24.9644 13.4397 11.0433 An
106.130 24.9644 32.5905 11.0433 Update
141.311 24.9644 10.8274 11.0433 on
154.730 24.9644 42.7789 11.0433 Overview
200.099 24.9644 8.3445 11.0433 of
211.693 24.9644 41.7871 11.0433 Cellulose,
256.071 24.9644 10.4710 11.0433 Its
269.133 24.9644 40.9326 11.0433 Structure
312.548 24.9644 17.1966 11.0433 and
332.336 24.9644 55.6918 11.0433 Applications

90.1000 38.1582 22.3025 11.0433 DOI:
115.371 38.1582 186.319 11.0433 http://dx.doi.org/10.5772/intechopen.84727

90.1000 66.5864 15.1009 12.4982 5.2
107.407 66.5864 50.6164 12.4982 Cellulose
160.231 66.5864 38.5134 12.4982 acetate

107.100 95.3612 47.4977 12.4262 Cellulose
156.996 95.3612 36.0907 12.4262 acetate
195.486 95.3612 8.2881 12.4262 is
206.172 95.3612 12.7021 12.4262 an
221.273 95.3612 52.9673 12.4262 important
276.639 95.3612 24.8882 12.4262 ester
303.986 95.3612 10.6032 12.4262 of
317.708 95.3612 47.6656 12.4262 cellulose.
368.132 95.3612 47.4965 12.4262 Cellulose
418.027 95.3612 36.0907 12.4262 acetate
456.517 95.3612 18.2675 12.4262 can
477.183 95.3612 12.3782 12.4262 be

90.1000 109.754 24.0609 12.4262 used
116.919 109.754 15.3170 12.4262 for
134.695 109.754 26.3397 12.4262 great
163.314 109.754 30.8126 12.4262 varies
196.525 109.754 10.6032 12.4262 of
210.247 109.754 62.9103 12.4262 applications
275.556 109.754 18.8072 12.4262 like
296.762 109.754 15.3167 12.4262 for
314.538 109.754 29.7100 12.4262 films,
347.007 109.754 60.7743 12.4262 membranes
410.180 109.754 11.2028 12.4262 or
423.841 109.754 32.9487 12.4262 fibres,
459.549 109.754 55.0293 12.4262 depending

90.1000 124.148 13.3618 12.4262 on
105.860 124.148 16.7201 12.4262 the
124.859 124.148 21.0141 12.4262 way
148.272 124.148 7.6884 12.4262 it
158.360 124.148 17.3919 12.4262 has
178.149 124.148 24.9124 12.4262 been
205.460 124.148 54.0348 12.4262 processed.
262.254 124.148 8.6120 12.4262 A
273.624 124.148 35.3822 12.4262 special
311.765 124.148 23.5811 12.4262 field
338.105 124.148 15.3169 12.4262 for
355.881 124.148 28.1627 12.4262 using
386.802 124.148 44.7151 12.4262 cellulose
433.915 124.148 36.0907 12.4262 acetate
472.405 124.148 8.2881 12.4262 is
483.092 124.148 16.7200 12.4262 the

90.1000 138.541 47.9174 12.4262 synthesis
140.416 138.541 10.6032 12.4262 of
154.138 138.541 39.1725 12.4262 porous,
196.069 138.541 46.7905 12.4262 spherical
245.618 138.541 47.5937 12.4262 particles,
295.970 138.541 11.2028 12.4262 so
309.572 138.541 30.3564 12.4262 called
342.687 138.541 44.7151 12.4262 cellulose
389.801 138.541 29.5543 12.4262 beads
421.754 138.541 23.9045 12.4262 [21].

90.1000 167.339 15.0409 12.4982 5.3
107.347 167.339 76.9669 12.4982 Ethylcellulose

107.100 196.114 72.1706 12.4262 Ethylcellulose
181.668 196.114 26.0156 12.4262 (EC)
210.442 196.114 8.2881 12.4262 is
221.129 196.114 5.7093 12.4262 a
229.237 196.114 51.6602 12.4262 derivative
283.295 196.114 10.6032 12.4262 of
297.017 196.114 44.7152 12.4262 cellulose
344.131 196.114 10.4471 12.4262 in
356.857 196.114 31.7612 12.4262 which
391.017 196.114 27.2391 12.4262 some
420.655 196.114 10.6032 12.4262 of
434.376 196.114 16.7200 12.4262 the
453.495 196.114 46.1904 12.4262 hydroxyl

90.1000 210.507 35.5395 12.4262 groups
128.038 210.507 13.3618 12.4262 on
143.797 210.507 16.7201 12.4262 the
162.916 210.507 49.1411 12.4262 repeating
214.816 210.507 81.3206 12.4262 anhydroglucose
298.536 210.507 26.2198 12.4262 units
327.154 210.507 16.0364 12.4262 are
345.590 210.507 47.2462 12.4262 modified
395.595 210.507 20.7371 12.4262 into
418.731 210.507 25.8959 12.4262 ethyl
447.385 210.507 27.1553 12.4262 ether
477.000 210.507 38.8740 12.4262 groups,

90.1000 224.901 35.0113 12.4262 largely
127.510 224.901 30.3580 12.4262 called
160.626 224.901 10.5431 12.4262 as
173.568 224.901 50.7112 12.4262 non-ionic
226.678 224.901 25.8959 12.4262 ethyl
255.333 224.901 27.1553 12.4262 ether
284.947 224.901 10.6032 12.4262 of
298.669 224.901 47.6644 12.4262 cellulose.
349.092 224.901 72.1706 12.4262 Ethylcellulose
423.662 224.901 26.0144 12.4262 (EC)
452.435 224.901 29.6621 12.4262 based

90.1000 239.294 97.8848 12.4262 microencapsulated
190.743 239.294 24.7325 12.4262 drug
218.234 239.294 41.8729 12.4262 delivery
262.506 239.294 40.6128 12.4262 systems
305.518 239.294 16.0364 12.4262 are
323.952 239.294 28.8944 12.4262 being
355.605 239.294 38.5380 12.4262 studied
396.902 239.294 10.3872 12.4262 to
409.688 239.294 38.5606 12.4262 achieve
450.647 239.294 47.7255 12.4262 extended

90.1000 253.688 24.7323 12.4262 drug
117.591 253.688 35.4553 12.4262 release
155.444 253.688 19.4671 12.4262 and
177.669 253.688 10.3872 12.4262 to
190.456 253.688 37.2900 12.4262 protect
230.144 253.688 16.7200 12.4262 the
249.264 253.688 22.1407 12.4262 core
273.804 253.688 51.0105 12.4262 substance
327.214 253.688 25.8840 12.4262 from
355.497 253.688 62.2749 12.4262 degradation
420.170 253.688 24.3506 12.4262 [22].

90.0994 282.486 15.9645 12.4982 5.4
108.270 282.486 84.3192 12.4982 Hydroxypropyl
194.797 282.486 47.7376 12.4982 cellulose
244.741 282.486 36.7988 12.4982 (HPC)

107.099 311.261 82.0658 12.4262 Hydroxypropyl
192.307 311.261 46.2503 12.4262 cellulose
241.340 311.261 36.0912 12.4262 (HPC)
280.574 311.261 8.4800 12.4262 is
291.837 311.261 19.3828 12.4262 one
314.002 311.261 10.7949 12.4262 of
328.299 311.261 17.1051 12.4262 the
348.186 311.261 58.2926 12.4262 derivatives
409.260 311.261 10.7949 12.4262 of
423.557 311.261 46.2501 12.4262 cellulose
472.470 311.261 32.5288 12.4262 which
507.782 311.261 8.4800 12.4262 is

90.0994 325.654 38.0101 12.4262 soluble
130.890 325.654 10.6390 12.4262 in
144.312 325.654 24.6365 12.4262 both
171.611 325.654 30.0930 12.4262 water
204.547 325.654 19.8509 12.4262 and
227.541 325.654 40.0254 12.4262 organic
270.349 325.654 41.7875 12.4262 solvent.
315.279 325.654 8.2762 12.4262 It
326.338 325.654 18.6513 12.4262 can
347.770 325.654 12.5701 12.4262 be
363.123 325.654 24.6364 12.4262 used
390.902 325.654 10.7350 12.4262 as
404.420 325.654 5.7093 12.4262 a
412.912 325.654 52.3556 12.4262 lubricant.
468.410 325.654 8.2761 12.4262 It
479.469 325.654 18.6513 12.4262 can
500.903 325.654 20.8223 12.4262 also

90.0994 340.048 12.5701 12.4262 be
105.452 340.048 24.6364 12.4262 used
133.231 340.048 15.7005 12.4262 for
151.774 340.048 17.1039 12.4262 the
171.661 340.048 53.0152 12.4262 treatment
227.458 340.048 10.7937 12.4262 of
241.754 340.048 107.650 12.4262 keratoconjunctivitis
352.187 340.048 29.4822 12.4262 sicca,
384.812 340.048 39.4734 12.4262 corneal
427.428 340.048 44.4017 12.4262 erosions
474.613 340.048 36.0803 12.4262 neuro-

90.0994 354.441 47.5203 12.4262 paralytic
140.402 354.441 44.0314 12.4262 keratitis
187.218 354.441 19.0229 12.4262 etc.
209.383 354.441 8.2760 12.4262 It
220.442 354.441 8.4800 12.4262 is
231.705 354.441 20.8223 12.4262 also
255.309 354.441 24.6353 12.4262 used
283.087 354.441 10.7350 12.4262 as
296.605 354.441 5.7093 12.4262 a
305.097 354.441 48.9730 12.4262 lubricant
356.853 354.441 15.7007 12.4262 for
375.396 354.441 42.7588 12.4262 patients
420.938 354.441 36.1137 12.4262 having
460.194 354.441 46.1425 12.4262 artificial

90.0994 368.835 17.7034 12.4262 eye
110.585 368.835 43.6238 12.4262 [23–25].

90.0994 411.126 11.2148 13.7480 6.
103.741 411.126 64.5567 13.7480 Extraction
170.726 411.126 22.6275 13.7480 and
195.781 411.126 98.9004 13.7480 characterization
297.109 411.126 12.6793 13.7480 of
312.216 411.126 52.5119 13.7480 cellulose

107.099 440.801 47.4977 12.4262 Cellulose
156.995 440.801 8.2881 12.4262 is
167.681 440.801 18.9989 12.4262 one
189.079 440.801 10.6032 12.4262 of
202.801 440.801 16.7200 12.4262 the
221.920 440.801 25.8241 12.4262 most
250.143 440.801 49.7528 12.4262 abundant
302.295 440.801 42.2432 12.4262 biomass
346.937 440.801 47.8699 12.4262 materials
397.205 440.801 10.4471 12.4262 in
410.051 440.801 34.0641 12.4262 nature
446.514 440.801 54.4533 12.4262 possessing

90.0994 455.194 27.2393 12.4262 some
119.737 455.194 53.0259 12.4262 promising
175.522 455.194 56.3260 12.4262 properties.
234.607 455.194 10.9029 12.4262 In
247.908 455.194 18.0156 12.4262 our
268.261 455.194 30.2382 12.4262 work,
301.258 455.194 13.2418 12.4262 let
316.899 455.194 11.6466 12.4262 us
330.944 455.194 22.6094 12.4262 look
356.073 455.194 20.7380 12.4262 into
379.210 455.194 16.7200 12.4262 the
398.209 455.194 38.4422 12.4262 various
439.048 455.194 57.3931 12.4262 procedures

90.0994 469.587 44.2354 12.4262 involved
137.093 469.587 10.4471 12.4262 in
149.939 469.587 53.0263 12.4262 extracting
205.724 469.587 44.7151 12.4262 cellulose
252.838 469.587 25.8828 12.4262 from
281.120 469.587 45.7712 12.4262 different
329.290 469.587 41.4523 12.4262 sources.
373.141 469.587 20.3307 12.4262 The
395.871 469.587 38.5006 12.4262 sources
436.770 469.587 45.4466 12.4262 available
484.616 469.587 16.0364 12.4262 are

90.0994 483.981 29.2305 12.4262 many
121.608 483.981 31.7612 12.4262 which
155.768 483.981 18.2675 12.4262 can
176.433 483.981 12.3782 12.4262 be
191.211 483.981 39.7495 12.4262 broadly
233.359 483.981 47.8337 12.4262 classified
283.951 483.981 20.7387 12.4262 into
307.088 483.981 63.1986 12.4262 Agro-waste,
373.045 483.981 83.5396 12.4262 Domestic-waste
458.984 483.981 24.6245 12.4262 (and
486.367 483.981 27.7553 12.4262 other

90.0994 498.374 33.5242 12.4262 means
126.022 498.374 23.7728 12.4262 such
152.194 498.374 10.5431 12.4262 as
165.016 498.374 32.1811 12.4262 wood,
199.956 498.374 26.9021 12.4262 plant
229.257 498.374 19.4671 12.4262 and
251.482 498.374 38.0453 12.4262 paper).
291.927 498.374 20.3307 12.4262 The
314.656 498.374 48.8171 12.4262 processes
365.872 498.374 44.2353 12.4262 involved
412.866 498.374 38.1047 12.4262 include
453.370 498.374 27.5032 12.4262 usual
483.632 498.374 36.3311 12.4262 chemi-

90.0994 512.768 14.6092 12.4262 cal
107.467 512.768 57.3921 12.4262 procedures
167.258 512.768 18.8072 12.4262 like
188.464 512.768 40.7090 12.4262 alkaline
231.572 512.768 56.9016 12.4262 extraction,
291.232 512.768 53.3259 12.4262 bleaching,
347.317 512.768 21.3621 12.4262 acid
371.438 512.768 52.8459 12.4262 hydrolysis
426.682 512.768 19.4671 12.4262 and
448.908 512.768 67.1329 12.4262 chlorination.

90.0994 527.161 20.3307 12.4262 The
112.829 527.161 23.9048 12.4262 final
139.492 527.161 45.7811 12.4262 products
187.672 527.161 18.2675 12.4262 can
208.338 527.161 12.3782 12.4262 be
223.116 527.161 70.0829 12.4262 characterized
295.957 527.161 12.8687 12.4262 by
311.225 527.161 28.1627 12.4262 using
342.146 527.161 55.7376 12.4262 techniques
400.283 527.161 18.8071 12.4262 like
421.489 527.161 98.4621 12.4262 thermogravimetric

90.0994 541.554 40.9729 12.4262 analysis
133.471 541.554 38.6942 12.4262 (TGA),
174.924 541.554 42.4346 12.4262 infrared
220.117 541.554 67.8149 12.4262 spectroscopy
290.331 541.554 41.2611 12.4262 (FTIR),
334.350 541.554 29.0624 12.4262 X-ray
365.810 541.554 56.1694 12.4262 diffraction
424.379 541.554 39.2563 12.4262 (XRD),
466.394 541.554 18.8079 12.4262 dif-

90.0994 555.948 43.6721 12.4262 ferential
136.530 555.948 46.4891 12.4262 scanning
185.778 555.948 60.9075 12.4262 calorimetry
249.084 555.948 34.1226 12.4262 (DSC)
285.965 555.948 19.4668 12.4262 and
308.191 555.948 46.4903 12.4262 scanning
357.440 555.948 51.4310 12.4262 electronic
411.270 555.948 59.9947 12.4262 microscopy
473.663 555.948 38.0703 12.4262 (SEM).

90.0994 570.341 42.5683 12.4262 Purified
135.426 570.341 44.7139 12.4262 cellulose
182.539 570.341 18.2675 12.4262 can
203.205 570.341 12.3782 12.4262 be
217.982 570.341 45.6990 12.4262 obtained
266.440 570.341 61.9497 12.4262 successfully
330.788 570.341 28.1627 12.4262 using
361.710 570.341 16.7204 12.4262 the
380.829 570.341 30.2259 12.4262 above
413.454 570.341 56.2888 12.4262 mentioned
472.501 570.341 33.5593 12.4262 proce-

90.0994 584.735 31.4615 12.4262 dures.
124.319 584.735 10.9028 12.4262 In
137.621 584.735 18.0156 12.4262 our
158.095 584.735 31.2323 12.4262 study,
191.966 584.735 14.7413 12.4262 we
208.987 584.735 19.5869 12.4262 will
231.332 584.735 12.3782 12.4262 be
246.109 584.735 71.9536 12.4262 concentrating
320.822 584.735 13.3618 12.4262 on
336.582 584.735 16.7200 12.4262 the
355.702 584.735 53.3273 12.4262 extraction
411.426 584.735 10.6032 12.4262 of
425.148 584.735 44.7151 12.4262 cellulose
472.262 584.735 25.8840 12.4262 from

90.0994 599.128 60.7873 12.4262 agricultural
153.645 599.128 42.1830 12.4262 residues
198.227 599.128 19.4671 12.4262 and
220.452 599.128 31.6291 12.4262 plants
254.480 599.128 39.4753 12.4262 [26–28]
296.714 599.128 40.8287 12.4262 (Figure
339.750 599.140 15.7482 12.4982 4).

90.1000 788.564 28.4411 9.9986 Figure
120.306 788.564 8.0881 9.9986 4.

90.1000 799.445 36.0882 9.8163 Different
128.491 799.445 26.2531 9.8163 sources
157.047 799.445 7.4174 9.8163 of
167.351 799.445 31.5596 9.8163 cellulose
201.214 799.445 42.1536 9.8163 extraction.

90.1000 24.9644 38.1171 11.0433 Cellulose

90.1000 848.115 5.6134 9.9986 6

90.1000 66.8259 15.5328 12.4982 6.1
107.839 66.8259 58.6882 12.4982 Extraction
168.734 66.8259 11.5266 12.4982 of
182.468 66.8259 47.7363 12.4982 cellulose
232.411 66.8259 27.2753 12.4982 from
261.894 66.8259 65.6789 12.4982 agricultural
329.779 66.8259 45.2191 12.4982 residues

90.1000 95.7206 22.7174 12.2703 6.1.1
115.696 95.7206 52.3786 12.2703 Extraction
170.953 95.7206 9.2717 12.2703 of
183.834 95.7206 39.4500 12.2703 cellulose
226.162 95.7206 23.4611 12.2703 from
252.502 95.7206 47.5206 12.2703 sugarcane
302.901 95.7206 35.5151 12.2703 bagasse

107.100 124.387 53.4111 12.4262 Sugarcane
162.910 124.387 39.3897 12.4262 bagasse
204.698 124.387 31.9398 12.4262 (SCB)
239.397 124.387 8.2881 12.4262 is
250.083 124.387 5.7093 12.4262 a
258.192 124.387 18.2675 12.4262 key
278.858 124.387 60.7872 12.4262 agricultural
342.404 124.387 37.4691 12.4262 residue
382.152 124.387 31.7612 12.4262 which
416.312 124.387 17.3919 12.4262 has
436.103 124.387 33.4643 12.4262 grown
471.966 124.387 10.3872 12.4262 to
484.752 124.387 12.3782 12.4262 be
499.530 124.387 16.7200 12.4262 the

90.1000 138.780 27.7550 12.4262 point
120.253 138.780 10.6017 12.4262 of
133.975 138.780 39.2923 12.4262 interest
175.666 138.780 10.4471 12.4262 in
188.512 138.780 32.4447 12.4262 recent
223.356 138.780 31.3895 12.4262 times.
257.144 138.780 20.3307 12.4262 The
279.874 138.780 53.3261 12.4262 extraction
335.599 138.780 10.6032 12.4262 of
349.320 138.780 44.7152 12.4262 cellulose
396.434 138.780 25.8828 12.4262 from
424.716 138.780 21.8658 12.4262 SCB
449.221 138.780 19.8266 12.4262 was
471.446 138.780 31.1367 12.4262 inves-

90.1000 153.174 35.8151 12.4262 tigated
128.673 153.174 28.1630 12.4262 using
159.595 153.174 30.6816 12.4262 steam
192.674 153.174 50.1008 12.4262 explosion
245.174 153.174 19.4671 12.4262 and
267.400 153.174 45.0378 12.4262 xylanase
314.837 153.174 29.6623 12.4262 based
347.258 153.174 85.8437 12.4262 environmentally
435.499 153.174 41.8124 12.4262 friendly
479.710 153.174 21.7457 12.4262 pre-

90.1000 167.567 51.4803 12.4262 treatment
143.979 167.567 15.3167 12.4262 for
161.754 167.567 45.6505 12.4262 reducing
210.164 167.567 46.2616 12.4262 chemical
259.184 167.567 49.9925 12.4262 bleaching
311.935 167.567 19.4670 12.4262 and
334.161 167.567 10.3872 12.4262 to
346.947 167.567 53.2898 12.4262 determine
402.636 167.567 16.7200 12.4262 the
421.755 167.567 74.8331 12.4262 characteristics
498.987 167.567 10.6032 12.4262 of

90.1000 181.961 44.7149 12.4262 cellulose
137.213 181.961 25.8840 12.4262 from
165.495 181.961 52.0199 12.4262 sugarcane
219.914 181.961 42.3402 12.4262 bagasse.
265.013 181.961 21.8658 12.4262 SCB
289.637 181.961 8.2881 12.4262 is
300.324 181.961 5.7093 12.4262 a
308.432 181.961 18.9630 12.4262 low
329.674 181.961 27.7658 12.4262 value
359.839 181.961 57.3210 12.4262 agriculture
419.559 181.961 37.4704 12.4262 residue
459.429 181.961 19.4671 12.4262 and
481.654 181.961 29.6970 12.4262 about

90.1000 196.354 43.0120 12.4262 40–50%
135.870 196.354 10.6032 12.4262 of
149.592 196.354 39.3897 12.4262 bagasse
191.381 196.354 8.2881 12.4262 is
202.068 196.354 16.7200 12.4262 the
221.185 196.354 38.2739 12.4262 glucose
261.858 196.354 43.5878 12.4262 polymer
307.905 196.354 47.6656 12.4262 cellulose.
357.970 196.354 30.5850 12.4262 There
390.954 196.354 16.0364 12.4262 are
409.389 196.354 35.8275 12.4262 several
447.975 196.354 58.4728 12.4262 approaches

90.1000 210.747 10.3870 12.4262 to
102.886 210.747 41.5127 12.4262 pretreat
146.797 210.747 74.3037 12.4262 lignocellulosic
223.500 210.747 47.8699 12.4262 materials
273.768 210.747 10.3872 12.4262 to
286.554 210.747 36.5099 12.4262 extract
325.463 210.747 44.7152 12.4262 cellulose
372.577 210.747 23.7728 12.4262 such
398.749 210.747 10.5431 12.4262 as
411.691 210.747 30.6817 12.4262 steam
444.772 210.747 53.6740 12.4262 explosion,

90.1000 225.141 37.2550 12.4262 solvent
129.753 225.141 53.3273 12.4262 extraction
185.478 225.141 19.4671 12.4262 and
207.704 225.141 40.7089 12.4262 alkaline
250.812 225.141 54.6707 12.4262 treatment.

90.1000 254.047 30.9336 12.2703 6.1.1.1
123.912 254.047 62.3931 12.2703 Methodology

107.100 282.714 47.3061 12.4262 Cellulose
156.757 282.714 8.2641 12.4262 is
167.372 282.714 48.5179 12.4262 extracted
218.601 282.714 25.8119 12.4262 from
246.762 282.714 21.8178 12.4262 SCB
271.291 282.714 12.8461 12.4262 by
286.488 282.714 28.0668 12.4262 using
317.265 282.714 30.5870 12.4262 steam
350.203 282.714 49.9087 12.4262 explosion
402.463 282.714 19.4188 12.4262 and
424.592 282.714 44.8714 12.4262 xylanase
471.814 282.714 21.6699 12.4262 pre-

90.1000 297.108 51.2877 12.4262 treatment
143.738 297.108 19.4188 12.4262 and
165.868 297.108 49.8008 12.4262 bleaching
218.379 297.108 41.2124 12.4262 process.
261.943 297.108 20.2827 12.4262 The
284.575 297.108 27.4312 12.4262 dried
314.717 297.108 21.8178 12.4262 SCB
339.245 297.108 36.4389 12.4262 treated
378.275 297.108 23.9288 12.4262 with
404.555 297.108 30.5858 12.4262 steam
437.491 297.108 49.9087 12.4262 explosion
489.751 297.108 9.7993 12.4262 at
501.901 297.108 5.7093 12.4262 a

90.1000 311.501 43.5872 12.4262 pressure
136.038 311.501 11.4547 12.4262 13
150.203 311.501 17.2000 12.4262 bar
169.814 311.501 40.4212 12.4262 (195°C)
212.946 311.501 15.2690 12.4262 for
230.626 311.501 11.3229 12.4262 15
244.659 311.501 41.7882 12.4262 minutes
288.799 311.501 10.3632 12.4262 to
301.513 311.501 33.2006 12.4262 obtain
337.064 311.501 30.5858 12.4262 steam
370.001 311.501 47.3769 12.4262 exploded
420.088 311.501 21.8178 12.4262 SCB
444.617 311.501 32.4209 12.4262 fibres.
479.389 311.501 30.7293 12.4262 Then,

90.1000 325.894 16.6721 12.4262 the
109.122 325.894 30.5858 12.4262 steam
142.059 325.894 47.3769 12.4262 exploded
192.147 325.894 21.8178 12.4262 SCB
216.675 325.894 8.2641 12.4262 is
227.290 325.894 36.4378 12.4262 treated
266.319 325.894 23.9288 12.4262 with
292.599 325.894 12.7019 12.4262 20
308.013 326.722 12.4981 10.7950 μg
323.221 325.894 10.5789 12.4262 of
336.871 325.894 44.8701 12.4262 xylanase
384.092 325.894 28.0668 12.4262 using
414.869 325.894 24.8031 12.4262 fibre
442.023 325.894 10.3632 12.4262 to
454.737 325.894 30.9698 12.4262 liquor
488.118 325.894 24.3005 12.4262 ratio

90.1000 340.288 10.5791 12.4262 of
103.749 340.288 20.3663 12.4262 1:10
126.826 340.288 15.2700 12.4262 for
144.507 340.288 5.5654 12.4262 1
152.783 340.288 24.7563 12.4262 hour
179.950 340.288 9.7993 12.4262 at
192.101 340.288 24.9003 12.4262 50°C
219.712 340.288 30.7897 12.4262 under
252.912 340.288 44.4636 12.4262 constant
299.727 340.288 48.9966 12.4262 agitation.
351.074 340.288 30.7293 12.4262 Then,
384.514 340.288 27.4312 12.4262 dried
414.656 340.288 30.5859 12.4262 steam
447.593 340.288 47.3769 12.4262 exploded

90.1000 354.681 21.8178 12.4262 SCB
114.628 354.681 8.2641 12.4262 is
125.243 354.681 36.4402 12.4262 treated
164.274 354.681 23.9288 12.4262 with
190.554 354.681 44.8713 12.4262 xylanase
237.776 354.681 30.0580 12.4262 (fibre
270.185 354.681 10.3632 12.4262 to
282.899 354.681 30.9697 12.4262 liquor
316.279 354.681 24.3005 12.4262 ratio
342.931 354.681 10.5792 12.4262 of
356.579 354.681 25.3798 12.4262 1:10)
384.670 354.681 19.4191 12.4262 and
406.800 354.681 23.5690 12.4262 then
432.720 354.681 45.6878 12.4262 bleached
480.998 354.681 23.9288 12.4262 with

90.1000 369.075 26.7238 12.4262 0.7%
119.534 369.075 38.5500 12.4262 sodium
160.435 369.075 39.8334 12.4262 chlorite
202.619 369.075 40.2651 12.4262 (NaClO
242.500 373.970 3.9056 8.3256 2
246.389 369.075 5.2775 12.4262 )
254.377 369.075 43.3596 12.4262 adjusted
300.448 369.075 10.3633 12.4262 to
313.161 369.075 5.7093 12.4262 a
321.221 369.075 16.0845 12.4262 pH
340.016 369.075 10.5792 12.4262 of
353.665 369.075 6.7768 12.4262 4
363.153 369.075 12.8450 12.4262 by
378.349 369.075 16.6722 12.4262 the
397.372 369.075 43.4799 12.4262 addition
443.203 369.075 10.5780 12.4262 of
456.731 369.075 26.9154 12.4262 weak
486.117 369.075 29.7341 12.4262 acetic

90.1004 383.468 21.2902 12.4262 acid
114.101 383.468 9.7994 12.4262 at
126.251 383.468 24.9362 12.4262 70°C
153.898 383.468 15.2688 12.4262 for
171.578 383.468 5.5654 12.4262 1
179.854 383.468 26.8432 12.4262 hour.
209.408 383.468 40.1214 12.4262 Sodium
251.881 383.468 39.8334 12.4262 chlorite
294.065 383.468 19.4188 12.4262 and
316.194 383.468 29.7338 12.4262 acetic
348.279 383.468 21.2902 12.4262 acid
372.280 383.468 9.7994 12.4262 at
384.430 383.468 16.6722 12.4262 the
403.453 383.468 26.5436 12.4262 same
432.348 383.468 38.4183 12.4262 loading
473.357 383.468 24.9241 12.4262 were

90.1004 397.861 31.3413 12.4262 added
124.152 397.861 10.3633 12.4262 to
136.866 397.861 16.6722 12.4262 the
155.888 397.861 42.4481 12.4262 reaction
200.687 397.861 28.4505 12.4262 every
231.487 397.861 5.5654 12.4262 1
239.763 397.861 24.7563 12.4262 hour
266.930 397.861 14.2853 12.4262 till
283.927 397.861 16.6721 12.4262 the
302.949 397.861 44.5233 12.4262 cellulose
349.824 397.861 27.6712 12.4262 turns
379.726 397.861 32.0486 12.4262 white.
414.126 397.861 20.2823 12.4262 The
436.759 397.861 44.5233 12.4262 cellulose
483.633 397.861 29.4942 12.4262 fibres

90.1004 412.255 22.6574 12.4262 thus
115.108 412.255 45.5308 12.4262 obtained
163.229 412.255 32.2900 12.4262 would
198.230 412.255 23.5691 12.4262 then
224.150 412.255 45.6628 12.4262 filtrated,
272.403 412.255 38.8847 12.4262 washed
313.879 412.255 23.9288 12.4262 with
340.159 412.255 41.7163 12.4262 distilled
384.466 412.255 29.2289 12.4262 water
416.107 412.255 24.6366 12.4262 until
443.454 412.255 16.6724 12.4262 the
462.477 412.255 16.0845 12.4262 pH
481.273 412.255 10.5792 12.4262 of

90.1004 426.648 29.2301 12.4262 water
121.741 426.648 37.3029 12.4262 neutral
161.754 426.648 19.4190 12.4262 and
183.884 426.648 27.4313 12.4262 dried
214.026 426.648 9.7993 12.4262 at
226.177 426.648 23.8210 12.4262 55°C
252.708 426.648 15.2688 12.4262 for
270.387 426.648 12.1265 12.4262 24
285.224 426.648 32.3372 12.4262 hours.
319.912 426.648 20.2823 12.4262 The
342.545 426.648 30.5858 12.4262 steam
375.482 426.648 49.9087 12.4262 explosion
427.741 426.648 38.2856 12.4262 process
468.378 426.648 42.6520 12.4262 includes

90.1004 441.042 52.4874 12.4262 saturating
145.298 441.042 16.6722 12.4262 the
164.320 441.042 18.0997 12.4262 dry
184.771 441.042 42.8677 12.4262 material
230.229 441.042 23.9288 12.4262 with
256.507 441.042 30.5870 12.4262 steam
289.445 441.042 9.7993 12.4262 at
301.596 441.042 42.7237 12.4262 elevated
347.030 441.042 43.5874 12.4262 pressure
392.968 441.042 19.4188 12.4262 and
415.098 441.042 63.8819 12.4262 temperature
481.330 441.042 18.3054 12.4262 fol-

90.1004 455.435 30.8855 12.4262 lowed
123.696 455.435 12.8459 12.4262 by
138.892 455.435 37.4344 12.4262 sudden
178.677 455.435 35.3115 12.4262 release
216.340 455.435 10.5792 12.4262 of
229.988 455.435 46.8976 12.4262 pressure,
279.596 455.435 45.8425 12.4262 resulting
328.150 455.435 10.4231 12.4262 in
340.925 455.435 56.4817 12.4262 substantial
400.118 455.435 51.0125 12.4262 resistance
453.481 455.435 10.5780 12.4262 of
467.129 455.435 47.7620 12.4262 degraded

90.1004 469.828 30.2979 12.4262 lignin
122.749 469.828 55.9292 12.4262 fragments,
181.389 469.828 49.6336 12.4262 facilitates
233.373 469.828 16.6722 12.4262 the
252.396 469.828 35.3115 12.4262 release
290.058 469.828 10.5792 12.4262 of
303.708 469.828 33.8482 12.4262 lignin,
340.147 469.828 31.6651 12.4262 which
374.163 469.828 8.2641 12.4262 is
384.778 469.828 23.5689 12.4262 then
410.698 469.828 35.6602 12.4262 readily
448.708 469.828 45.2548 12.4262 available

90.1004 484.221 15.2690 12.4262 for
107.780 484.221 37.8184 12.4262 further
148.009 484.221 49.8007 12.4262 bleaching
200.521 484.221 19.4189 12.4262 and
222.650 484.221 39.6052 12.4262 thereby
264.606 484.221 46.9570 12.4262 increases
313.914 484.221 16.6722 12.4262 the
332.937 484.221 51.0840 12.4262 efficiency
386.371 484.221 10.5792 12.4262 of
400.021 484.221 16.6722 12.4262 the
419.044 484.221 49.8007 12.4262 bleaching
471.555 484.221 38.2857 12.4262 process

90.1004 498.615 29.5781 12.4262 Thus,
122.389 498.615 16.6722 12.4262 the
141.412 498.615 17.2719 12.4262 use
161.034 498.615 10.5792 12.4262 of
174.683 498.615 45.3985 12.4262 enzymes
222.433 498.615 10.3632 12.4262 to
235.147 498.615 24.2886 12.4262 treat
261.786 498.615 23.6769 12.4262 pulp
287.814 498.615 32.9487 12.4262 before
323.114 498.615 45.3378 12.4262 applying
371.162 498.615 46.0944 12.4262 chemical
419.967 498.615 49.8005 12.4262 bleaching
472.479 498.615 22.4536 12.4262 help
497.283 498.615 10.3632 12.4262 to

90.1004 513.008 34.5678 12.4262 reduce
127.019 513.008 46.0943 12.4262 chemical
175.824 513.008 43.8876 12.4262 required
222.422 513.008 10.4231 12.4262 in
235.196 513.008 49.8011 12.4262 bleaching
287.708 513.008 29.4821 12.4262 stage,
319.900 513.008 58.1967 12.4262 breakdown
380.448 513.008 10.5792 12.4262 of
394.096 513.008 73.9695 12.4262 lignocellulosic
470.417 513.008 50.9870 12.4262 structure,

90.1004 527.402 52.6315 12.4262 hydrolysis
145.083 527.402 10.5780 12.4262 of
158.732 527.402 16.6722 12.4262 the
177.755 527.402 75.3249 12.4262 hemicelluloses
255.431 527.402 44.8832 12.4262 fraction,
303.025 527.402 91.6135 12.4262 depolymerization
396.990 527.402 10.5792 12.4262 of
410.639 527.402 16.6722 12.4262 the
429.662 527.402 30.2979 12.4262 lignin
462.311 527.402 39.7589 12.4262 compo-

90.1004 541.795 28.3184 12.4262 nents
120.769 541.795 19.4188 12.4262 and
142.899 541.795 80.6020 12.4262 defibrillization.
226.212 541.795 10.8789 12.4262 In
239.442 541.795 29.5302 12.4262 terms
271.323 541.795 10.5780 12.4262 of
284.971 541.795 49.8007 12.4262 bleaching
337.482 541.795 59.3000 12.4262 treatments,
399.493 541.795 76.6084 12.4262 chlorine-based
478.812 541.795 36.2125 12.4262 chemi-

90.1004 556.188 19.3710 12.4262 cals
111.702 556.188 24.9240 12.4262 were
138.977 556.188 44.9777 12.4262 typically
186.305 556.188 23.9887 12.4262 used
213.005 556.188 15.2687 12.4262 for
230.685 556.188 49.7995 12.4262 bleaching
283.195 556.188 38.2857 12.4262 process
323.831 556.188 45.8425 12.4262 resulting
372.385 556.188 10.4231 12.4262 in
385.159 556.188 46.0943 12.4262 chemical
433.964 556.188 35.5502 12.4262 hazard
472.224 556.188 42.0285 12.4262 released

90.1004 570.582 20.6662 12.4262 into
113.117 570.582 79.0415 12.4262 environmental.
194.869 570.582 50.7845 12.4262 Xylanases
248.005 570.582 15.9886 12.4262 are
266.344 570.582 41.3914 12.4262 glycosyl
310.446 570.582 49.6449 12.4262 hydrolase
362.442 570.582 20.8344 12.4262 that
385.628 570.582 18.2195 12.4262 can
406.199 570.582 40.7939 12.4262 catalyse
449.344 570.582 16.6722 12.4262 the
468.367 570.582 52.6316 12.4262 hydrolysis

90.1004 584.975 10.5791 12.4262 of
103.750 585.803 19.6346 10.7950 β-1,
126.095 584.975 62.3709 12.4262 4-glycosidic
190.817 584.975 31.5691 12.4262 bonds
224.736 584.975 10.4231 12.4262 in
237.510 584.975 28.7268 12.4262 xylan
268.588 584.975 12.8458 12.4262 by
283.784 584.975 33.4270 12.4262 means
319.564 584.975 10.5792 12.4262 of
333.213 584.975 35.3119 12.4262 double
370.876 584.975 68.5713 12.4262 displacement
441.798 584.975 58.7607 12.4262 mechanical

90.1004 599.369 45.6146 12.4262 reaction.
138.065 599.369 22.9092 12.4262 This
163.325 599.369 51.2878 12.4262 treatment
216.964 599.369 47.6160 12.4262 improves
266.931 599.369 62.2867 12.4262 accessibility
331.569 599.369 10.5792 12.4262 of
345.217 599.369 49.8007 12.4262 bleaching
397.729 599.369 46.0944 12.4262 chemical
446.534 599.369 10.3630 12.4262 to
459.248 599.369 16.6722 12.4262 the
478.272 599.369 23.6769 12.4262 pulp
504.300 599.369 12.8459 12.4262 by

90.1004 613.762 55.0307 12.4262 decreasing
147.841 613.762 47.5340 12.4262 diffusion
197.726 613.762 21.2885 12.4262 [29]
221.726 613.762 35.7192 12.4262 (Table
259.603 613.774 13.9983 12.4982 1).

90.1004 642.669 23.8809 12.2703 6.1.2
116.859 642.669 52.3788 12.2703 Extraction
172.117 642.669 9.2717 12.2703 of
184.998 642.669 39.4500 12.2703 cellulose
227.326 642.669 23.4611 12.2703 from
253.666 642.669 17.8467 12.2703 rice
274.811 642.669 22.4654 12.2703 husk

107.100 671.335 22.4416 12.4262 Rice
131.941 671.335 8.2881 12.4262 is
142.628 671.335 16.7201 12.4262 the
161.747 671.335 25.8229 12.4262 most
189.968 671.335 51.7560 12.4262 cultivated
244.483 671.335 30.4180 12.4262 cereal
277.660 671.335 23.3892 12.4262 crop
303.448 671.335 10.4471 12.4262 in
316.293 671.335 16.7200 12.4262 the
335.292 671.335 33.4527 12.4262 world.
371.503 671.335 22.4415 12.4262 Rice
396.344 671.335 24.9844 12.4262 husk
423.847 671.335 8.2881 12.4262 is
434.534 671.335 5.7093 12.4262 a
442.643 671.335 30.3805 12.4262 major
475.482 671.335 27.4191 12.4262 agro-

90.1004 685.729 29.5658 12.4262 waste
122.065 685.729 20.9061 12.4262 that
145.370 685.729 8.2881 12.4262 is
156.057 685.729 50.9040 12.4262 generated
209.720 685.729 10.4471 12.4262 in
222.566 685.729 25.3071 12.4262 huge
250.272 685.729 54.5866 12.4262 quantities.
307.617 685.729 8.0844 12.4262 It
318.100 685.729 45.4702 12.4262 accounts
365.969 685.729 15.3167 12.4262 for
383.745 685.729 23.4009 12.4262 20%
409.905 685.729 10.6017 12.4262 of
423.625 685.729 16.7200 12.4262 the
442.744 685.729 20.5224 12.4262 600
466.025 685.729 37.3386 12.4262 million

90.1004 700.122 22.1653 12.4262 tons
114.664 700.122 10.6032 12.4262 of
128.386 700.122 32.0128 12.4262 paddy
162.796 700.122 48.9845 12.4262 produced
214.419 700.122 58.2680 12.4262 worldwide.
275.446 700.122 34.4120 12.4262 People
312.257 700.122 27.4312 12.4262 often
342.087 700.122 38.7659 12.4262 dispose
383.251 700.122 16.7200 12.4262 the
402.370 700.122 19.3708 12.4262 rice
424.139 700.122 24.9844 12.4262 husk
451.523 700.122 29.5658 12.4262 waste
483.488 700.122 28.1627 12.4262 using

90.1004 714.516 25.7641 12.4262 open
118.263 714.516 41.8591 12.4262 burning
162.761 714.516 31.7612 12.4262 which
196.921 714.516 8.2881 12.4262 is
207.608 714.516 12.7021 12.4262 an
222.709 714.516 76.1645 12.4262 environmental
301.632 714.516 31.1126 12.4262 threat
335.144 714.516 39.1857 12.4262 causing
377.088 714.516 40.1448 12.4262 damage
419.632 714.516 10.3872 12.4262 to
432.418 714.516 16.7200 12.4262 the
451.537 714.516 22.8014 12.4262 land
477.097 714.516 19.4658 12.4262 and

90.1004 728.909 16.7202 12.4262 the
109.219 728.909 64.6489 12.4262 surrounding
176.627 728.909 21.7457 12.4262 area
200.772 728.909 10.4471 12.4262 in
213.498 728.909 31.7612 12.4262 which
247.658 728.909 7.6884 12.4262 it
257.745 728.909 8.2881 12.4262 is
268.432 728.909 48.6961 12.4262 disposed.
319.527 728.909 22.9814 12.4262 This
344.908 728.909 19.3708 12.4262 rice
366.678 728.909 24.9844 12.4262 husk
394.181 728.909 18.2675 12.4262 can
414.847 728.909 12.3782 12.4262 be
429.623 728.909 17.7878 12.4262 put
449.810 728.909 20.7380 12.4262 into
472.947 728.909 21.3741 12.4262 best
496.720 728.909 17.3199 12.4262 use

90.1004 743.302 12.8700 12.4262 by
105.369 743.302 62.6952 12.4262 exploitation
170.462 743.302 10.6032 12.4262 of
184.183 743.302 12.4140 12.4262 its
198.996 743.302 44.7152 12.4262 cellulose
246.110 743.302 42.6512 12.4262 content.
291.520 743.302 22.4416 12.4262 Rice
316.361 743.302 24.9844 12.4262 husk
343.864 743.302 52.4276 12.4262 comprises
398.690 743.302 10.6017 12.4262 of
412.411 743.302 22.5015 12.4262 33%
437.671 743.302 48.0492 12.4262 cellulose,
488.479 743.302 22.7893 12.4262 26%

90.1004 757.696 74.2572 12.4262 hemicellulose,
167.116 757.696 19.4669 12.4262 and
189.342 757.696 16.6232 12.4262 7%
208.723 757.696 33.6083 12.4262 lignin.
244.731 757.696 29.6742 12.4262 Thus,
277.164 757.696 16.7203 12.4262 the
296.283 757.696 17.3199 12.4262 use
316.000 757.696 10.6032 12.4262 of
329.722 757.696 19.3708 12.4262 rice
351.492 757.696 24.9844 12.4262 husk
378.995 757.696 10.5431 12.4262 as
391.938 757.696 16.7200 12.4262 the
411.057 757.696 42.5666 12.4262 primary
456.022 757.696 33.7879 12.4262 source
492.209 757.696 15.3167 12.4262 for

90.1004 772.089 53.2057 12.4262 producing
146.064 772.089 44.7151 12.4262 cellulose
193.178 772.089 29.6144 12.4262 fibres
225.191 772.089 19.4671 12.4262 and
247.417 772.089 65.6076 12.4262 nanocrystals
315.423 772.089 8.2881 12.4262 is
326.110 772.089 46.7180 12.4262 efficient.
375.227 772.089 20.3307 12.4262 The
397.957 772.089 41.9073 12.4262 strategy
442.263 772.089 8.2881 12.4262 is
452.950 772.089 10.3872 12.4262 to
465.736 772.089 36.5111 12.4262 extract

90.1004 786.483 44.7149 12.4262 cellulose
137.214 786.483 29.6132 12.4262 fibres
169.226 786.483 25.8840 12.4262 from
197.509 786.483 16.7200 12.4262 the
216.628 786.483 19.3708 12.4262 rice
238.398 786.483 24.9844 12.4262 husk
265.901 786.483 28.1627 12.4262 using
296.822 786.483 28.0789 12.4262 alkali
327.660 786.483 19.4667 12.4262 and
349.885 786.483 49.9915 12.4262 bleaching
402.636 786.483 59.1569 12.4262 treatments.

90.1000 848.115 4.6634 9.9986 7

90.1000 24.9644 13.4397 11.0433 An
106.130 24.9644 32.5905 11.0433 Update
141.311 24.9644 10.8274 11.0433 on
154.730 24.9644 42.7789 11.0433 Overview
200.099 24.9644 8.3445 11.0433 of
211.693 24.9644 41.7871 11.0433 Cellulose,
256.071 24.9644 10.4710 11.0433 Its
269.133 24.9644 40.9326 11.0433 Structure
312.548 24.9644 17.1966 11.0433 and
332.336 24.9644 55.6918 11.0433 Applications

90.1000 38.1582 22.3025 11.0433 DOI:
115.371 38.1582 186.319 11.0433 http://dx.doi.org/10.5772/intechopen.84727

90.1000 226.520 32.0970 12.2703 6.1.2.1
125.075 226.520 62.3933 12.2703 Methodology

107.100 256.386 40.2413 12.4262 Sodium
149.739 256.386 52.3195 12.4262 hydroxide
204.457 256.386 28.3790 12.4262 (99%
235.595 256.386 37.7810 12.4262 purity)
276.134 256.386 8.2881 12.4262 is
286.822 256.386 24.0608 12.4262 used
313.641 256.386 15.3170 12.4262 for
331.417 256.386 40.7090 12.4262 alkaline
374.525 256.386 54.6695 12.4262 treatment.
431.953 256.386 40.2412 12.4262 Sodium
474.593 256.386 43.3350 12.4262 chlorite,

90.1000 270.780 29.8540 12.4262 acetic
122.352 270.780 21.3619 12.4262 acid
146.473 270.780 19.4671 12.4262 and
168.699 270.780 32.8514 12.4262 NaOH
204.309 270.780 16.0366 12.4262 are
222.744 270.780 24.0608 12.4262 used
249.564 270.780 10.5431 12.4262 as
262.506 270.780 49.9915 12.4262 bleaching
315.256 270.780 33.0205 12.4262 agents
350.556 270.780 28.5348 12.4262 while
381.489 270.780 49.1412 12.4262 sulphuric
433.029 270.780 21.3619 12.4262 acid
457.150 270.780 8.2881 12.4262 is
467.836 270.780 24.0608 12.4262 used
494.655 270.780 15.3170 12.4262 for

90.1000 285.173 55.7977 12.4262 hydrolysis.

90.1000 317.678 33.2605 12.2703 6.1.2.2
126.239 317.678 59.0956 12.2703 Preparation
188.213 317.678 9.2717 12.2703 of
201.094 317.678 39.4500 12.2703 cellulose
243.422 317.678 60.8587 12.2703 nanocrystals
307.160 317.678 23.4597 12.2703 from
333.498 317.678 17.8479 12.2703 rice
354.645 317.678 22.4642 12.2703 husk

104.493 346.345 9.7275 12.4262 1.
115.720 346.357 58.4237 12.4982 Treatment
176.111 346.357 25.5359 12.4982 with
203.854 346.357 33.6441 12.4982 alkali:
240.256 346.345 47.4979 12.4262 Cellulose
290.153 346.345 8.2881 12.4262 is
300.839 346.345 42.2084 12.4262 purified
345.806 346.345 12.8698 12.4262 by
361.075 346.345 40.9009 12.4262 treating
404.614 346.345 24.0008 12.4262 with
431.013 346.345 30.9815 12.4262 Alkali
464.753 346.345 10.3871 12.4262 to
477.539 346.345 38.4782 12.4262 remove

115.720 360.738 30.4178 12.4262 lignin
148.537 360.738 19.4671 12.4262 and
170.763 360.738 70.9216 12.4262 hemicellulose
244.083 360.738 13.3618 12.4262 on
259.843 360.738 11.2028 12.4262 or
273.505 360.738 24.7925 12.4262 after
300.756 360.738 19.3708 12.4262 rice
322.526 360.738 24.9844 12.4262 husk
350.030 360.738 26.4114 12.4262 grits.
378.839 360.738 20.3307 12.4262 The
401.569 360.738 54.1548 12.4262 pulverised
458.482 360.738 19.3707 12.4262 rice
480.252 360.738 24.9844 12.4262 husk
507.755 360.738 8.2881 12.4262 is

115.720 375.131 50.9764 12.4262 preserved
169.455 375.131 41.6555 12.4262 through
213.510 375.131 12.7021 12.4262 an
228.611 375.131 28.0789 12.4262 alkali
259.448 375.131 42.2806 12.4262 solution
304.127 375.131 21.8896 12.4262 (4%
328.776 375.131 12.8688 12.4262 by
343.923 375.131 35.1917 12.4262 weight
381.514 375.131 10.6032 12.4262 of
395.236 375.131 41.3207 12.4262 NaOH).
438.954 375.131 20.3307 12.4262 The
461.684 375.131 49.4276 12.4262 combina-

115.720 389.525 21.0502 12.4262 tion
139.169 389.525 8.2881 12.4262 is
149.856 389.525 37.0494 12.4262 poured
189.664 389.525 20.7383 12.4262 into
212.801 389.525 5.7093 12.4262 a
220.909 389.525 33.9561 12.4262 plump
257.264 389.525 37.9972 12.4262 bottom
297.661 389.525 24.7805 12.4262 flask
324.960 389.525 19.4671 12.4262 and
347.186 389.525 32.2890 12.4262 action
381.874 389.525 8.2881 12.4262 is
392.561 389.525 55.3290 12.4262 performed
450.648 389.525 9.8232 12.4262 at
462.871 389.525 31.2094 12.4262 reflux

115.720 403.918 64.1219 12.4262 temperature
182.241 403.918 46.0220 12.4262 intended
231.022 403.918 15.3158 12.4262 for
248.796 403.918 5.8293 12.4262 2
257.384 403.918 32.4569 12.4262 hours.
292.240 403.918 20.3307 12.4262 The
314.970 403.918 24.7324 12.4262 solid
342.461 403.918 8.2881 12.4262 is
353.148 403.918 45.6506 12.4262 formerly
401.198 403.918 37.9854 12.4262 filtered
441.942 403.918 19.4670 12.4262 and
464.168 403.918 27.5151 12.4262 carry
494.081 403.918 26.2437 12.4262 away

115.720 418.312 52.3678 12.4262 numerous
170.487 418.312 28.4390 12.4262 times
201.323 418.312 12.8699 12.4262 by
216.592 418.312 33.5241 12.4262 means
252.515 418.312 10.6032 12.4262 of
266.237 418.312 41.9084 12.4262 distilled
310.784 418.312 31.4361 12.4262 water.
344.619 418.312 22.9814 12.4262 This
369.999 418.312 51.4801 12.4262 treatment
423.878 418.312 8.2881 12.4262 is
434.565 418.312 44.5595 12.4262 frequent
481.524 418.312 33.2844 12.4262 thrice.

104.493 447.098 9.4396 12.4262 2.
115.720 447.110 51.6958 12.4982 Bleaching
169.047 447.110 42.3883 12.4982 process:
213.617 447.098 57.3571 12.4262 Subsequent
272.798 447.098 16.1446 12.4262 the
290.766 447.098 26.6396 12.4262 alkali
319.588 447.098 34.1361 12.4262 action,
355.907 447.098 47.6894 12.4262 bleaching
405.780 447.098 57.7652 12.4262 progression
465.368 447.098 8.0003 12.4262 is

115.720 461.492 51.9596 12.4262 completed
169.863 461.492 12.5823 12.4262 by
184.268 461.492 41.0325 12.4262 totalling
227.483 461.492 5.7093 12.4262 a
235.016 461.492 31.0417 12.4262 buffer
267.941 461.492 40.2652 12.4262 solution
310.028 461.492 10.3141 12.4262 of
322.885 461.492 28.4163 12.4262 acetic
353.124 461.492 23.7862 12.4262 acid,
379.093 461.492 40.5410 12.4262 aqueous
421.457 461.492 37.9863 12.4262 chlorite
461.267 461.492 29.0263 12.4262 (1.7%
492.476 461.492 12.5823 12.4262 by

115.720 475.885 62.8747 12.4262 weightiness)
180.778 475.885 18.8912 12.4262 and
201.852 475.885 40.1934 12.4262 purified
244.108 475.885 28.1735 12.4262 water
274.165 475.885 9.5354 12.4262 at
285.524 475.885 29.7701 12.4262 reflux
317.117 475.885 17.5718 12.4262 (by
336.512 475.885 32.3729 12.4262 means
370.708 475.885 10.3153 12.4262 of
383.566 475.885 5.7093 12.4262 a
391.098 475.885 32.0967 12.4262 silicon
425.018 475.885 46.8021 12.4262 emollient
473.643 475.885 22.5855 12.4262 soak
498.172 475.885 9.5354 12.4262 at

115.720 490.279 58.9761 12.4262 100–130°C)
176.879 490.279 14.7399 12.4262 for
193.503 490.279 6.7768 12.4262 4
202.463 490.279 31.0198 12.4262 hours.
235.306 490.279 19.7549 12.4262 The
256.884 490.279 55.4981 12.4262 assortment
314.206 490.279 8.0003 12.4262 is
324.030 490.279 22.7788 12.4262 then
348.632 490.279 49.4528 12.4262 permitted
400.268 490.279 10.0992 12.4262 to
412.190 490.279 20.5944 12.4262 cool
434.968 490.279 18.8911 12.4262 and
456.042 490.279 16.1446 12.4262 the
474.010 490.279 26.0572 12.4262 addi-

115.720 504.672 28.6546 12.4262 tional
146.558 504.672 39.6051 12.4262 distilled
188.346 504.672 28.8693 12.4262 liquid
219.398 504.672 8.0003 12.4262 is
229.222 504.672 38.8739 12.4262 filtered.
269.918 504.672 19.7549 12.4262 The
291.497 504.672 47.6895 12.4262 bleaching
341.369 504.672 50.3764 12.4262 procedure
393.569 504.672 8.0003 12.4262 is
403.392 504.672 53.0247 12.4262 performed
458.600 504.672 21.2662 12.4262 four
481.749 504.672 39.6535 12.4262 periods.

104.493 533.459 9.7275 12.4262 3.
115.720 533.471 25.5840 12.4982 Acid
143.511 533.471 60.0425 12.4982 hydrolysis:
205.953 533.459 20.3307 12.4262 The
228.683 533.459 21.3619 12.4262 acid
252.803 533.459 52.8458 12.4262 hydrolysis
308.048 533.459 32.2887 12.4262 action
342.736 533.459 8.2881 12.4262 is
353.423 533.459 55.3290 12.4262 performed
411.510 533.459 13.3618 12.4262 on
427.271 533.459 16.7200 12.4262 the
446.390 533.459 29.6144 12.4262 fibres
478.403 533.459 33.4043 12.4262 subse-

115.720 547.852 39.5098 12.4262 quently
157.629 547.852 28.0789 12.4262 alkali
188.466 547.852 32.2876 12.4262 action
223.152 547.852 19.4671 12.4262 and
245.378 547.852 70.2269 12.4262 decolourising
318.364 547.852 9.8221 12.4262 at
330.585 547.852 5.7093 12.4262 a
338.693 547.852 64.1222 12.4262 temperature
405.214 547.852 10.6032 12.4262 of
418.936 547.852 24.9726 12.4262 50°C
446.667 547.852 12.8686 12.4262 by
461.935 547.852 33.5241 12.4262 means
497.858 547.852 10.6032 12.4262 of

115.720 562.245 22.5974 12.4262 10.0
141.076 562.245 19.9825 12.4262 mol
163.817 562.245 7.0647 12.4262 L
170.882 560.379 9.2335 7.2327 −1
182.874 562.245 10.6032 12.4262 of
196.596 562.245 51.5396 12.4262 preheated
250.894 562.245 49.1400 12.4262 sulphuric
302.433 562.245 21.3619 12.4262 acid
326.553 562.245 46.0221 12.4262 intended
375.334 562.245 15.3170 12.4262 for
393.110 562.245 13.7564 12.4262 40
409.625 562.245 41.9323 12.4262 minutes
453.957 562.245 60.1884 12.4262 underneath

115.720 576.639 47.0057 12.4262 non-stop
165.125 576.639 41.7875 12.4262 stirring.
209.311 576.639 20.3307 12.4262 The
232.041 576.639 24.9005 12.4262 fibre
259.340 576.639 39.4619 12.4262 content
301.081 576.639 44.1742 12.4262 varieties
347.654 576.639 25.8840 12.4262 from
375.937 576.639 6.7768 12.4262 4
385.473 576.639 10.3872 12.4262 to
398.259 576.639 17.1400 12.4262 6%
418.158 576.639 12.8688 12.4262 by
433.425 576.639 52.8007 12.4262 heaviness.

115.720 591.032 20.3307 12.4262 The
138.450 591.032 56.9731 12.4262 hydrolysed
198.182 591.032 56.7207 12.4262 substantial
257.661 591.032 8.2881 12.4262 is
268.348 591.032 35.7193 12.4262 eroded
306.826 591.032 12.8698 12.4262 by
322.095 591.032 74.6405 12.4262 centrifugation
399.134 591.032 9.8233 12.4262 at
411.356 591.032 33.2368 12.4262 10000
447.351 591.032 22.0337 12.4262 rpm
471.783 591.032 9.8233 12.4262 at
484.005 591.032 24.5768 12.4262 10°C

115.720 605.426 15.3168 12.4262 for
133.496 605.426 12.1865 12.4262 10
148.441 605.426 44.8828 12.4262 minutes.
195.723 605.426 22.9814 12.4262 This
221.102 605.426 74.6416 12.4262 centrifugation
298.142 605.426 26.2677 12.4262 stage
326.809 605.426 8.2881 12.4262 is
337.496 605.426 44.8228 12.4262 repeated
385.077 605.426 29.2291 12.4262 many
416.705 605.426 28.4390 12.4262 times
447.543 605.426 33.0688 12.4262 before
483.011 605.426 16.7200 12.4262 the

115.720 619.819 57.4775 12.4262 suspension
175.595 619.819 8.2881 12.4262 is
186.282 619.819 43.9115 12.4262 dialyzed
232.953 619.819 10.4471 12.4262 in
245.798 619.819 70.1784 12.4262 contradiction
318.376 619.819 10.6032 12.4262 of
332.097 619.819 42.2084 12.4262 purified
376.944 619.819 29.3251 12.4262 water
408.728 619.819 15.3167 12.4262 for
426.504 619.819 35.8275 12.4262 several
465.090 619.819 23.1253 12.4262 days
490.614 619.819 24.7324 12.4262 until

115.720 634.212 51.0002 12.4262 persistent
169.119 634.212 16.1085 12.4262 pH
187.986 634.212 10.4471 12.4262 in
200.831 634.212 16.7200 12.4262 the
219.950 634.212 28.9782 12.4262 range
251.327 634.212 10.6032 12.4262 of
265.049 634.212 18.0636 12.4262 5–6
285.871 634.212 8.2881 12.4262 is
296.558 634.212 45.6985 12.4262 attained.
344.655 634.212 20.3307 12.4262 The
367.385 634.212 58.5555 12.4262 subsequent
428.340 634.212 57.4773 12.4262 suspension
488.216 634.212 8.2881 12.4262 is
498.903 634.212 19.9333 12.4262 for-

115.720 648.606 30.3340 12.4262 merly
148.453 648.606 49.1767 12.4262 sonicated
200.388 648.606 15.3170 12.4262 for
218.164 648.606 13.0138 12.4262 30
233.937 648.606 41.9312 12.4262 minutes
278.267 648.606 54.6342 12.4262 previously
335.300 648.606 7.6884 12.4262 it
345.387 648.606 8.2881 12.4262 is
356.074 648.606 33.6913 12.4262 frozen
392.164 648.606 15.3167 12.4262 for
409.940 648.606 52.6913 12.4262 additional
465.390 648.606 17.3199 12.4262 use
485.109 648.606 25.5255 12.4262 [30].

90.0996 684.601 16.2525 12.4982 6.2
108.559 684.601 58.6884 12.4982 Extraction
169.454 684.601 11.5266 12.4982 of
183.188 684.601 47.7363 12.4982 cellulose
233.131 684.601 27.2741 12.4982 from
262.612 684.601 33.9682 12.4982 plants

90.0996 714.695 23.8809 12.2703 6.2.1
116.859 714.695 52.3788 12.2703 Extraction
172.116 714.695 9.2717 12.2703 of
184.997 714.695 39.4500 12.2703 cellulose
227.326 714.695 23.4611 12.2703 from
253.665 714.695 39.0900 12.2703 bamboo

107.099 743.362 22.9814 12.4262 This
132.480 743.362 53.3261 12.4262 extraction
188.204 743.362 40.2532 12.4262 method
231.216 743.362 42.2085 12.4262 involves
275.824 743.362 17.3199 12.4262 use
295.542 743.362 10.6017 12.4262 of
309.262 743.362 42.7240 12.4262 Bamboo
354.385 743.362 29.6144 12.4262 fibres
386.399 743.362 10.5431 12.4262 as
399.341 743.362 5.7093 12.4262 a
407.449 743.362 19.4431 12.4262 raw
429.291 743.362 43.0345 12.4262 material
475.084 743.362 15.3170 12.4262 for

90.0996 757.755 44.7149 12.4262 cellulose
137.213 757.755 56.5166 12.4262 extraction.
196.128 757.755 20.3307 12.4262 The
218.858 757.755 51.0966 12.4262 chemicals
272.354 757.755 24.0596 12.4262 used
299.172 757.755 10.3872 12.4262 to
311.958 757.755 42.2438 12.4262 produce
356.601 757.755 44.7152 12.4262 cellulose
403.715 757.755 55.4607 12.4262 nanofibres
461.574 757.755 16.0364 12.4262 are
480.010 757.755 41.8724 12.4262 toluene,

90.0996 772.149 42.6399 12.4262 ethanol,
135.498 772.149 48.9121 12.4262 hydrogen
186.809 772.149 48.7334 12.4262 peroxide,
238.301 772.149 29.8541 12.4262 acetic
270.552 772.149 21.3630 12.4262 acid
294.674 772.149 36.5577 12.4262 glacial,
333.991 772.149 45.2067 12.4262 titanium
381.596 772.149 23.5316 12.4262 (IV)
407.886 772.149 31.6770 12.4262 oxide,
442.322 772.149 19.4669 12.4262 and
464.548 772.149 38.6699 12.4262 sodium

90.0996 786.542 55.2692 12.4262 hydroxide.
148.127 786.542 15.2809 12.4262 All
166.167 786.542 16.7203 12.4262 the
185.286 786.542 51.0966 12.4262 chemicals
238.781 786.542 24.0608 12.4262 used
265.601 786.542 22.7415 12.4262 here
290.741 786.542 16.0364 12.4262 are
309.176 786.542 10.6032 12.4262 of
322.898 786.542 50.5925 12.4262 analytical
376.249 786.542 31.7853 12.4262 grade.

107.101 72.3764 24.9816 9.3737 Fibres

294.720 74.8772 46.0410 4.3810 α-Cellulose

304.845 84.3709 12.1175 9.3737 (in
318.383 84.3709 12.2523 9.3737 %)

381.756 72.3764 56.6829 9.3737 Hemicellulose

397.202 84.3709 12.1175 9.3737 (in
410.740 84.3709 12.2523 9.3737 %)

482.750 72.3764 26.4737 9.3737 Lignin

483.092 84.3709 12.1175 9.3737 (in
496.631 84.3709 12.2523 9.3737 %)

107.101 102.353 38.0608 9.3197 Untreated
146.997 102.353 16.1655 9.3197 SCB

309.581 102.353 16.3186 9.3197 44.5

402.563 102.353 15.0682 9.3197 21.8

488.494 102.353 14.9870 9.3197 22.5

107.101 120.345 61.5483 9.3197 Steam-exploded
170.485 120.345 16.1655 9.3197 SCB

310.346 120.345 14.7892 9.3197 65.7

404.736 120.345 10.7228 9.3197 9.9

488.602 120.345 14.7712 9.3197 18.3

107.101 138.336 23.4791 9.3197 Steam
132.146 138.336 34.8407 9.3197 exploded
168.731 138.336 17.6498 9.3197 with
187.946 138.336 32.9608 9.3197 xylanase
222.473 138.336 26.7353 9.3197 treated

309.860 138.336 15.7607 9.3197 66.3

404.538 138.336 11.1189 9.3197 8.8

488.530 138.336 14.9152 9.3197 18.6

107.101 156.328 33.9409 9.3197 Bleached
142.877 156.328 18.2075 9.3197 fibre

310.174 156.328 15.1310 9.3197 89.3

404.439 156.328 11.3168 9.3197 4.3

490.765 156.328 10.4441 9.3197 1.5

90.1009 183.474 24.1040 9.9986 Table
115.797 183.474 6.8792 9.9986 1.

90.1009 194.355 41.1271 9.8163 Extraction
133.262 194.355 15.1128 9.8163 and
150.505 194.355 62.5825 9.8163 characterization
215.217 194.355 7.3310 9.8163 of
225.264 194.355 30.8690 9.8163 cellulose
258.263 194.355 18.5102 9.8163 from
278.904 194.355 37.3266 9.8163 sugarcane
318.360 194.355 27.8940 9.8163 bagasse
348.385 194.355 9.1543 9.8163 by
359.669 194.355 19.7955 9.8163 using
381.595 194.355 56.1653 9.8163 environmental
439.890 194.355 30.2741 9.8163 friendly
472.295 194.355 28.6520 9.8163 method
503.077 194.355 18.3770 9.8163 [29].

90.1000 24.9644 38.1171 11.0433 Cellulose

90.1000 848.115 5.1240 9.9986 8

90.1000 66.6939 32.7447 12.2703 6.1.2.3
125.723 66.6939 62.3932 12.2703 Methodology

104.493 95.3607 9.7275 12.4262 1.
115.720 95.3726 45.4709 12.4982 Bamboo
163.398 95.3726 26.6622 12.4982 fibre
192.267 95.3726 68.3441 12.4982 preparation:
263.370 95.3607 31.6535 12.4262 Green
297.422 95.3607 42.1603 12.4262 bamboo
341.980 95.3607 28.7746 12.4262 Culm
373.153 95.3607 10.6032 12.4262 of
386.875 95.3607 5.5654 12.4262 1
395.199 95.3607 10.3991 12.4262 m
407.997 95.3607 33.2232 12.4262 length
443.619 95.3607 8.2881 12.4262 is
454.306 95.3607 49.7766 12.4262 prepared.

115.720 109.754 8.0844 12.4262 It
126.203 109.754 8.2881 12.4262 is
136.890 109.754 23.6410 12.4262 then
162.930 109.754 37.7822 12.4262 ground
203.471 109.754 28.1615 12.4262 using
234.391 109.754 5.7093 12.4262 a
242.499 109.754 40.0374 12.4262 planner
284.996 109.754 44.3192 12.4262 machine
331.714 109.754 10.3872 12.4262 to
344.500 109.754 42.2426 12.4262 produce
389.142 109.754 27.6111 12.4262 small
419.511 109.754 27.3833 12.4262 chips
449.294 109.754 19.4671 12.4262 and
471.520 109.754 39.1486 12.4262 powder

115.720 124.147 25.7160 12.4262 form
143.835 124.147 50.4712 12.4262 excluding
197.065 124.147 16.7204 12.4262 the
216.184 124.147 58.1488 12.4262 internodes.
276.732 124.147 22.9814 12.4262 This
302.112 124.147 27.3833 12.4262 chips
331.895 124.147 19.4671 12.4262 and
354.120 124.147 39.1486 12.4262 powder
395.728 124.147 41.8114 12.4262 mixture
439.938 124.147 8.2881 12.4262 is
450.625 124.147 17.7878 12.4262 put
470.812 124.147 20.7380 12.4262 into
493.949 124.147 12.7021 12.4262 an

115.720 138.540 24.8048 12.4262 oven
142.923 138.540 9.8233 12.4262 at
155.146 138.540 25.0085 12.4262 70°C
182.913 138.540 15.3170 12.4262 for
200.687 138.540 11.8983 12.4262 72
215.344 138.540 29.5061 12.4262 hours
247.249 138.540 10.3872 12.4262 to
260.035 138.540 20.1387 12.4262 dry.
282.573 138.540 20.3307 12.4262 The
305.303 138.540 24.8035 12.4262 oven
332.505 138.540 27.5272 12.4262 dried
362.791 138.540 36.5950 12.4262 sample
401.785 138.540 8.2881 12.4262 is
412.472 138.540 37.7810 12.4262 ground
453.012 138.540 19.4670 12.4262 and
475.237 138.540 23.6413 12.4262 then

115.720 152.934 32.3007 12.4262 sieved
150.779 152.934 28.1630 12.4262 using
181.701 152.934 20.5212 12.4262 600
203.722 153.761 16.7323 10.7950 μm
222.853 152.934 19.7067 12.4262 size
244.959 152.934 28.5110 12.4262 sieve.
275.869 152.934 20.3307 12.4262 The
298.599 152.934 20.5212 12.4262 600
320.619 153.761 16.7320 10.7950 μm
339.750 152.934 27.5513 12.4262 mesh
369.700 152.934 19.7067 12.4262 size
391.806 152.934 29.6144 12.4262 fibres
423.819 152.934 16.0364 12.4262 are
442.254 152.934 24.0608 12.4262 used
469.073 152.934 15.3170 12.4262 for
486.849 152.934 16.7200 12.4262 the

115.720 167.327 47.9174 12.4262 synthesis
166.036 167.327 10.6032 12.4262 of
179.758 167.327 44.7151 12.4262 cellulose
226.871 167.327 27.8512 12.4262 fibre.
257.121 167.327 22.9814 12.4262 This
282.501 167.327 36.5951 12.4262 sample
321.494 167.327 8.2881 12.4262 is
332.181 167.327 23.6410 12.4262 then
358.221 167.327 40.3373 12.4262 labelled
401.317 167.327 10.5431 12.4262 as
414.259 167.327 29.0503 12.4262 green
445.708 167.327 42.1603 12.4262 bamboo
490.266 167.327 24.9005 12.4262 fibre

115.720 181.721 36.6667 12.4262 (GBF).

104.493 210.507 9.7275 12.4262 2.
115.720 210.519 65.3815 12.4982 Preparation
183.308 210.519 11.5266 12.4982 of
197.042 210.519 47.7363 12.4982 cellulose
246.985 210.519 27.2753 12.4982 from
276.468 210.519 44.7500 12.4982 bamboo
323.425 210.519 26.6634 12.4982 fibre
352.295 210.519 20.5702 12.4982 and
375.072 210.519 58.0156 12.4982 de-waxing
435.295 210.519 11.5266 12.4982 of
449.028 210.519 44.7499 12.4982 bamboo

115.720 224.913 29.3496 12.4982 fibre:
147.468 224.901 20.3307 12.4262 The
170.198 224.901 20.7743 12.4262 400
193.731 224.901 17.4638 12.4262 mL
213.954 224.901 38.5368 12.4262 toluene
254.890 224.901 19.4671 12.4262 and
277.115 224.901 19.7427 12.4262 200
299.617 224.901 17.4638 12.4262 mL
319.839 224.901 10.6017 12.4262 of
333.560 224.901 25.8959 12.4262 ethyl
362.214 224.901 37.3146 12.4262 alcohol
402.287 224.901 16.0364 12.4262 are
420.723 224.901 26.9514 12.4262 filled
450.433 224.901 20.7383 12.4262 into
473.570 224.901 5.7093 12.4262 a
481.677 224.901 31.5932 12.4262 round

115.720 239.294 24.7806 12.4262 flask
143.020 239.294 10.3872 12.4262 to
155.806 239.294 42.2438 12.4262 produce
200.447 239.294 82.2215 12.4262 toluene-ethanol
285.428 239.294 10.6032 12.4262 of
299.149 239.294 24.3967 12.4262 ratio
325.945 239.294 17.2719 12.4262 2:1.
345.616 239.294 20.3307 12.4262 The
368.346 239.294 31.5920 12.4262 round
402.696 239.294 24.7804 12.4262 flask
429.996 239.294 8.2881 12.4262 is
440.683 239.294 33.4639 12.4262 placed
476.905 239.294 13.3618 12.4262 on
492.666 239.294 5.7093 12.4262 a

115.720 253.688 38.8261 12.4262 heating
157.305 253.688 44.7996 12.4262 element.
204.863 253.688 8.6120 12.4262 A
216.234 253.688 39.0287 12.4262 Soxhlet
257.661 253.688 47.4978 12.4262 extractor
307.618 253.688 8.2881 12.4262 is
318.304 253.688 33.4639 12.4262 placed
354.527 253.688 13.3618 12.4262 on
370.287 253.688 17.1881 12.4262 top
389.874 253.688 10.6032 12.4262 of
403.596 253.688 16.7200 12.4262 the
422.715 253.688 36.3779 12.4262 boiling
461.852 253.688 24.7804 12.4262 flask
489.151 253.688 19.4671 12.4262 and

115.720 268.081 26.4355 12.4262 fixed
144.914 268.081 32.7807 12.4262 firmly
180.092 268.081 28.1627 12.4262 using
211.014 268.081 5.7093 12.4262 a
219.122 268.081 30.0217 12.4262 retort
251.543 268.081 31.6892 12.4262 stand.
285.990 268.081 32.5518 12.4262 About
320.941 268.081 12.1865 12.4262 10
335.886 268.081 31.8211 12.4262 grams
370.106 268.081 10.6032 12.4262 of
383.828 268.081 23.2811 12.4262 GBF
409.868 268.081 8.2881 12.4262 is
420.555 268.081 42.2310 12.4262 scooped
465.545 268.081 20.7383 12.4262 into
488.682 268.081 5.7093 12.4262 a

115.720 282.474 56.0618 12.4262 membrane
174.181 282.474 23.4613 12.4262 tube
200.040 282.474 19.4671 12.4262 and
222.265 282.474 33.4638 12.4262 placed
258.488 282.474 20.7383 12.4262 into
281.625 282.474 16.7200 12.4262 the
300.744 282.474 53.3261 12.4262 extraction
356.469 282.474 43.4316 12.4262 thimble.
402.659 282.474 8.6120 12.4262 A
414.030 282.474 32.4435 12.4262 Liebig
449.232 282.474 53.2674 12.4262 condenser
504.959 282.474 8.2881 12.4262 is

115.720 296.868 33.4640 12.4262 placed
151.943 296.868 13.3618 12.4262 on
167.703 296.868 17.1881 12.4262 top
187.289 296.868 10.6032 12.4262 of
201.011 296.868 16.7200 12.4262 the
220.130 296.868 47.4978 12.4262 extractor
270.087 296.868 19.4671 12.4262 and
292.313 296.868 23.6413 12.4262 then
318.353 296.868 26.4342 12.4262 fixed
347.546 296.868 34.7718 12.4262 firmly.
384.717 296.868 20.3307 12.4262 The
407.446 296.868 64.1210 12.4262 temperature
473.966 296.868 10.6032 12.4262 of
487.688 296.868 16.7200 12.4262 the

115.720 311.261 38.8261 12.4262 heating
157.281 311.261 41.6088 12.4262 element
201.265 311.261 8.2881 12.4262 is
211.927 311.261 46.9812 12.4262 observed
261.643 311.261 28.1616 12.4262 using
292.540 311.261 5.7093 12.4262 a
300.625 311.261 33.0925 12.4262 digital
336.452 311.261 68.6803 12.4262 thermometer
407.568 311.261 19.4668 12.4262 and
429.769 311.261 7.6884 12.4262 it
439.832 311.261 8.2881 12.4262 is
450.494 311.261 59.1444 12.4262 maintained
512.373 311.261 9.8234 12.4262 at

115.720 325.655 34.2319 12.4262 250°C.
152.711 325.655 20.3294 12.4262 The
175.439 325.655 53.3273 12.4262 extraction
231.165 325.655 38.4300 12.4262 process
271.994 325.655 8.2881 12.4262 is
282.680 325.655 52.3798 12.4262 continued
337.818 325.655 14.3573 12.4262 till
354.934 325.655 16.7203 12.4262 the
374.053 325.655 33.1046 12.4262 colour
409.617 325.655 41.8114 12.4262 mixture
453.827 325.655 58.2312 12.4262 disappears.

115.720 340.048 20.3307 12.4262 The
138.450 340.048 38.4300 12.4262 process
179.278 340.048 26.5917 12.4262 takes
208.269 340.048 5.8293 12.4262 2
216.857 340.048 29.5064 12.4262 hours
248.642 340.048 24.0008 12.4262 with
275.041 340.048 75.1685 12.4262 approximately
352.608 340.048 29.7584 12.4262 10–12
385.125 340.048 30.9202 12.4262 cycles
418.444 340.048 10.6032 12.4262 of
432.166 340.048 56.5177 12.4262 extraction.
491.081 340.048 20.3307 12.4262 The

115.720 354.441 53.3270 12.4262 extraction
171.444 354.441 40.4810 12.4262 thimble
214.324 354.441 8.2881 12.4262 is
225.011 354.441 28.7988 12.4262 taken
256.209 354.441 17.3557 12.4262 out
275.964 354.441 28.1627 12.4262 using
306.885 354.441 48.3132 12.4262 tweezers.
357.597 354.441 20.3307 12.4262 The
380.327 354.441 41.0552 12.4262 product
423.781 354.441 8.2881 12.4262 is
434.468 354.441 58.1494 12.4262 transferred
495.376 354.441 20.7387 12.4262 into

115.720 368.835 5.7093 12.4262 a
123.828 368.835 34.8679 12.4262 beaker
161.155 368.835 19.4671 12.4262 and
183.381 368.835 34.5306 12.4262 stirred
220.670 368.835 28.1630 12.4262 using
251.592 368.835 5.7093 12.4262 a
259.700 368.835 24.6245 12.4262 glass
286.723 368.835 17.8236 12.4262 rod
307.186 368.835 28.5348 12.4262 while
338.119 368.835 35.6580 12.4262 adding
376.536 368.835 82.2214 12.4262 toluene-ethanol
461.516 368.835 44.7620 12.4262 mixture.

115.720 383.228 20.3307 12.4262 The
138.450 383.228 23.9048 12.4262 final
165.113 383.228 41.0552 12.4262 product
208.567 383.228 8.2881 12.4262 is
219.254 383.228 37.9861 12.4262 filtered
259.999 383.228 28.1630 12.4262 using
290.921 383.228 5.7093 12.4262 a
299.028 383.228 25.7519 12.4262 filter
327.239 383.228 29.5781 12.4262 paper
359.276 383.228 33.4639 12.4262 placed
395.498 383.228 13.3618 12.4262 on
411.259 383.228 5.7093 12.4262 a
419.367 383.228 37.3371 12.4262 funnel.
459.463 383.228 8.0843 12.4262 It
469.946 383.228 8.2881 12.4262 is
480.633 383.228 23.6410 12.4262 then

115.720 397.622 57.5729 12.4262 distributed
176.052 397.622 33.8713 12.4262 evenly
212.322 397.622 28.1627 12.4262 using
243.243 397.622 24.6245 12.4262 glass
270.266 397.622 17.8236 12.4262 rod
290.849 397.622 13.3618 12.4262 on
306.609 397.622 5.7093 12.4262 a
314.717 397.622 25.7507 12.4262 filter
342.927 397.622 31.6891 12.4262 paper.
377.375 397.622 8.0844 12.4262 It
387.858 397.622 8.2881 12.4262 is
398.545 397.622 23.6410 12.4262 then
424.585 397.622 33.4639 12.4262 placed
460.807 397.622 10.4471 12.4262 in
473.652 397.622 12.7021 12.4262 an
488.753 397.622 24.8046 12.4262 oven

115.720 412.015 14.7411 12.4262 set
132.860 412.015 10.3872 12.4262 to
145.646 412.015 64.1222 12.4262 temperature
212.166 412.015 25.0085 12.4262 70°C
239.933 412.015 15.3170 12.4262 for
257.709 412.015 34.7838 12.4262 drying
295.252 412.015 50.0875 12.4262 overnight
347.738 412.015 19.4671 12.4262 and
369.964 412.015 8.2881 12.4262 is
380.651 412.015 23.0534 12.4262 kept
406.103 412.015 15.3167 12.4262 for
423.879 412.015 75.6951 12.4262 delignification

115.720 426.408 51.7676 12.4262 processes.
169.887 426.408 20.3307 12.4262 The
192.616 426.408 27.5260 12.4262 dried
222.901 426.408 36.5950 12.4262 sample
261.895 426.408 8.2881 12.4262 is
272.582 426.408 50.6036 12.4262 identified
325.944 426.408 10.5431 12.4262 as
338.886 426.408 45.9260 12.4262 dewaxed
387.571 426.408 42.1602 12.4262 bamboo
432.129 426.408 24.9005 12.4262 fibre
459.428 426.408 37.2306 12.4262 (DBF).

104.493 455.195 9.7275 12.4262 3.
115.720 455.207 83.1076 12.4982 Delignification
201.035 455.207 11.5266 12.4982 of
214.768 455.207 44.7513 12.4982 bamboo
261.726 455.207 30.0686 12.4982 fibre:
294.195 455.195 20.3307 12.4262 The
316.925 455.195 75.6951 12.4262 delignification
395.018 455.195 42.2804 12.4262 solution
439.697 455.195 8.2881 12.4262 is
450.385 455.195 46.5849 12.4262 prepared

115.720 469.588 28.1629 12.4262 using
146.642 469.588 21.0263 12.4262 82.3
170.426 469.588 6.1891 12.4262 g
179.374 469.588 10.6019 12.4262 of
193.095 469.588 22.1896 12.4262 35%
218.043 469.588 12.8699 12.4262 by
233.192 469.588 35.1917 12.4262 weight
270.782 469.588 10.6032 12.4262 of
284.504 469.588 48.9120 12.4262 hydrogen
335.815 469.588 45.3988 12.4262 peroxide
383.613 469.588 14.5852 12.4262 (H
397.958 474.484 3.9056 8.3256 2
401.622 469.588 9.0558 12.4262 O
410.318 474.484 3.9056 8.3256 2
414.224 469.588 5.2775 12.4262 )
422.260 469.588 19.4668 12.4262 and
444.486 469.588 27.1914 12.4262 106.2
474.436 469.588 6.1891 12.4262 g
483.384 469.588 10.6020 12.4262 of

115.720 483.981 31.7373 12.4262 99.8%
150.216 483.981 12.8700 12.4262 by
165.365 483.981 35.1917 12.4262 weight
202.954 483.981 10.6032 12.4262 of
216.676 483.981 29.8538 12.4262 acetic
248.928 483.981 21.3619 12.4262 acid
273.049 483.981 22.4537 12.4262 (CH
295.023 488.877 3.9619 8.3256 3
298.824 483.981 40.7690 12.4262 COOH)
342.352 483.981 10.4471 12.4262 in
355.197 483.981 16.7200 12.4262 the
374.316 483.981 38.5740 12.4262 present
415.289 483.981 10.6032 12.4262 of
429.010 483.981 45.2069 12.4262 titanium
476.616 483.981 23.5316 12.4262 (IV)

115.720 498.375 28.3428 12.4262 oxide
146.462 498.375 10.5431 12.4262 as
159.404 498.375 42.7598 12.4262 catalyst.
204.562 498.375 33.8004 12.4262 Thirty
240.761 498.375 31.8210 12.4262 grams
274.981 498.375 10.6032 12.4262 of
288.702 498.375 18.1476 12.4262 dry
309.248 498.375 23.4850 12.4262 DBF
335.491 498.375 36.5949 12.4262 sample
374.485 498.375 8.2881 12.4262 is
385.052 498.375 43.4319 12.4262 weighed
431.243 498.375 19.4658 12.4262 and
453.467 498.375 51.6243 12.4262 immersed

115.720 512.768 20.7381 12.4262 into
138.857 512.768 75.6951 12.4262 delignification
216.951 512.768 42.2804 12.4262 solution
261.630 512.768 51.3962 12.4262 contained
315.785 512.768 10.4471 12.4262 in
328.630 512.768 5.7093 12.4262 a
336.738 512.768 31.5932 12.4262 round
371.090 512.768 37.9983 12.4262 bottom
411.487 512.768 27.9710 12.4262 flask.
441.857 512.768 20.3296 12.4262 The
464.586 512.768 24.7805 12.4262 flask
491.886 512.768 8.2881 12.4262 is

115.720 527.162 33.4640 12.4262 placed
151.943 527.162 13.3618 12.4262 on
167.704 527.162 16.7201 12.4262 the
186.822 527.162 38.8260 12.4262 heating
228.406 527.162 41.6090 12.4262 element
272.414 527.162 19.4671 12.4262 and
294.640 527.162 34.5076 12.4262 heated
331.906 527.162 10.3872 12.4262 to
344.692 527.162 34.1603 12.4262 130°C.
381.611 527.162 27.6339 12.4262 After
411.704 527.162 5.8293 12.4262 2
420.292 527.162 32.8408 12.4262 hours,
455.892 527.162 16.7203 12.4262 the
475.011 527.162 32.5288 12.4262 heater

115.720 541.555 8.2881 12.4262 is
126.407 541.555 46.4904 12.4262 switched
175.656 541.555 15.0171 12.4262 off
193.792 541.555 19.4659 12.4262 and
216.017 541.555 33.8724 12.4262 cooled
252.648 541.555 10.3872 12.4262 to
265.434 541.555 27.7910 12.4262 room
295.624 541.555 67.0722 12.4262 temperature.
365.095 541.555 20.3307 12.4262 The
387.825 541.555 36.5826 12.4262 treated
427.166 541.555 41.0555 12.4262 product
470.620 541.555 8.2881 12.4262 is
481.307 541.555 23.6410 12.4262 then

115.720 555.948 37.9862 12.4262 filtered
156.465 555.948 28.1630 12.4262 using
187.387 555.948 43.6224 12.4262 Buchner
233.468 555.948 24.7805 12.4262 flask
260.769 555.948 19.4659 12.4262 and
282.993 555.948 32.5048 12.4262 rinsed
318.137 555.948 24.0008 12.4262 with
344.537 555.948 55.4005 12.4262 de-ionized
402.696 555.948 23.8209 12.4262 (DI)
429.155 555.948 29.3262 12.4262 water
460.940 555.948 24.7324 12.4262 until
488.431 555.948 16.7202 12.4262 the

115.720 570.342 16.1085 12.4262 pH
134.587 570.342 23.8448 12.4262 level
161.191 570.342 38.5139 12.4262 reaches
202.102 570.342 5.5894 12.4262 7
210.450 570.342 19.4670 12.4262 and
232.676 570.342 27.5275 12.4262 dried
262.962 570.342 9.8232 12.4262 at
275.184 570.342 25.0085 12.4262 70°C
302.952 570.342 15.3158 12.4262 for
320.726 570.342 5.5654 12.4262 1
329.051 570.342 20.5224 12.4262 day.
351.972 570.342 20.3307 12.4262 The
374.702 570.342 27.5272 12.4262 dried
404.988 570.342 36.5938 12.4262 sample
443.980 570.342 8.2881 12.4262 is
454.667 570.342 33.4639 12.4262 placed
490.890 570.342 10.4471 12.4262 in
503.736 570.342 5.7093 12.4262 a

115.720 584.735 30.4539 12.4262 bottle
148.573 584.735 19.4671 12.4262 and
170.799 584.735 23.0533 12.4262 kept
196.250 584.735 10.4471 12.4262 in
209.096 584.735 5.7093 12.4262 a
217.204 584.735 21.4581 12.4262 cool
241.421 584.735 19.4670 12.4262 and
263.646 584.735 23.7371 12.4262 dark
289.902 584.735 26.7231 12.4262 place
319.025 584.735 15.3155 12.4262 for
336.799 584.735 40.7090 12.4262 alkaline
379.907 584.735 54.6706 12.4262 treatment.
436.977 584.735 20.3307 12.4262 The
459.706 584.735 36.5951 12.4262 sample
498.699 584.735 11.2028 12.4262 so

115.720 599.129 45.6987 12.4262 obtained
164.178 599.129 8.2881 12.4262 is
174.865 599.129 55.9646 12.4262 delignified
233.588 599.129 42.1602 12.4262 bamboo
278.147 599.129 24.8993 12.4262 fibre
305.445 599.129 44.2953 12.4262 (DLBF).

104.493 627.915 9.7275 12.4262 4.
115.720 627.927 80.8769 12.4982 Mercerization:
199.356 627.915 30.5497 12.4262 DLBF
232.665 627.915 8.2881 12.4262 is
243.351 627.915 33.5843 12.4262 finally
279.334 627.915 51.6240 12.4262 immersed
333.716 627.915 10.4471 12.4262 in
346.562 627.915 12.7021 12.4262 an
361.663 627.915 40.7090 12.4262 alkaline
404.771 627.915 42.2793 12.4262 solution
449.449 627.915 10.4471 12.4262 in
462.295 627.915 28.1390 12.4262 order
492.893 627.915 10.3872 12.4262 to

115.720 642.309 41.2248 12.4262 dissolve
159.344 642.309 16.7201 12.4262 the
178.463 642.309 32.7915 12.4262 pectin
213.653 642.309 19.4671 12.4262 and
235.879 642.309 78.5873 12.4262 hemicelluloses.
317.225 642.309 17.1400 12.4262 6%
337.124 642.309 12.8689 12.4262 by
352.272 642.309 35.1917 12.4262 weight
389.862 642.309 10.6032 12.4262 of
403.584 642.309 38.6699 12.4262 sodium
444.652 642.309 52.3195 12.4262 hydroxide
499.370 642.309 8.2881 12.4262 is

115.720 656.702 24.0609 12.4262 used
142.540 656.702 10.3872 12.4262 to
155.326 656.702 24.3846 12.4262 treat
182.109 656.702 16.7201 12.4262 the
201.229 656.702 30.5497 12.4262 DLBF
234.537 656.702 10.4471 12.4262 in
247.382 656.702 5.7093 12.4262 a
255.490 656.702 24.7805 12.4262 flask
282.789 656.702 9.8233 12.4262 at
295.012 656.702 27.7910 12.4262 room
325.201 656.702 67.0722 12.4262 temperature.
394.673 656.702 20.3307 12.4262 The
417.402 656.702 41.8125 12.4262 mixture
461.613 656.702 8.2881 12.4262 is
472.300 656.702 34.5318 12.4262 stirred

115.720 671.096 28.1629 12.4262 using
146.642 671.096 22.5973 12.4262 auto
171.638 671.096 34.1241 12.4262 shaker
208.221 671.096 9.8233 12.4262 at
220.443 671.096 18.3271 12.4262 150
241.529 671.096 25.6080 12.4262 rpm,
269.896 671.096 34.5064 12.4262 heated
307.161 671.096 10.3872 12.4262 to
319.947 671.096 25.5843 12.4262 80°C
348.290 671.096 15.3170 12.4262 for
366.066 671.096 5.8293 12.4262 2
374.654 671.096 32.8407 12.4262 hours,
410.254 671.096 19.4669 12.4262 and
432.479 671.096 41.2833 12.4262 stopped
476.521 671.096 24.7924 12.4262 after

115.720 685.489 6.3330 12.4262 8
124.812 685.489 29.5063 12.4262 hours
156.717 685.489 10.6032 12.4262 of
170.439 685.489 35.0581 12.4262 proper
207.957 685.489 41.7875 12.4262 stirring.
252.143 685.489 20.3307 12.4262 The
274.873 685.489 41.8114 12.4262 mixture
319.084 685.489 8.2881 12.4262 is
329.771 685.489 23.6410 12.4262 then
355.810 685.489 32.5049 12.4262 rinsed
391.074 685.489 67.6114 12.4262 continuously
460.964 685.489 24.0008 12.4262 with

115.720 699.882 55.4018 12.4262 de-ionized
173.761 699.882 29.3262 12.4262 water
205.546 699.882 24.7313 12.4262 until
233.036 699.882 16.7202 12.4262 the
252.155 699.882 41.0564 12.4262 product
295.610 699.882 38.5140 12.4262 reaches
336.523 699.882 16.1085 12.4262 pH
355.390 699.882 7.3274 12.4262 7.
365.116 699.882 20.3307 12.4262 The
387.846 699.882 36.5826 12.4262 treated
427.187 699.882 41.0555 12.4262 product
470.642 699.882 8.2881 12.4262 is
481.329 699.882 33.5843 12.4262 finally

115.720 714.276 37.9862 12.4262 filtered
156.465 714.276 28.1630 12.4262 using
187.387 714.276 43.6224 12.4262 Buchner
233.468 714.276 28.3548 12.4262 flask,
264.582 714.276 32.5049 12.4262 rinsed
299.725 714.276 24.0008 12.4262 with
326.125 714.276 55.4005 12.4262 de-ionized
384.164 714.276 29.3262 12.4262 water
415.949 714.276 24.7324 12.4262 until
443.440 714.276 16.7202 12.4262 the
462.559 714.276 16.1085 12.4262 pH
481.427 714.276 23.8450 12.4262 level

115.720 728.669 38.5141 12.4262 reaches
156.633 728.669 7.7125 12.4262 7,
167.104 728.669 19.4669 12.4262 and
189.330 728.669 64.0012 12.4262 freeze-dried
256.090 728.669 9.8232 12.4262 at
268.312 729.497 32.5406 10.7950 −85°C
303.611 728.669 15.3170 12.4262 for
321.387 728.669 5.8293 12.4262 2
329.975 728.669 23.1252 12.4262 days
355.499 728.669 23.9885 12.4262 [31].

90.0996 759.975 33.7402 12.2703 6.1.2.4
126.718 759.975 83.8626 12.2703 Characterization
213.459 759.975 9.2717 12.2703 of
226.341 759.975 39.4500 12.2703 cellulose
268.670 759.975 44.7983 12.2703 extracted
316.347 759.975 23.4613 12.2703 from
342.687 759.975 39.0888 12.2703 bamboo

107.099 791.041 27.6348 12.4262 After
137.193 791.041 53.3273 12.4262 extraction
192.918 791.041 10.6032 12.4262 of
206.640 791.041 48.0494 12.4262 cellulose,
257.448 791.041 7.6884 12.4262 it
267.535 791.041 8.2881 12.4262 is
278.221 791.041 47.6073 12.4262 generally
328.226 791.041 70.0829 12.4262 characterized
401.067 791.041 12.8698 12.4262 by
416.336 791.041 28.1627 12.4262 using
447.257 791.041 16.7204 12.4262 the
466.377 791.041 49.2352 12.4262 following

90.0996 805.434 58.4244 12.4262 techniques:

90.1000 848.115 5.5079 9.9986 9

90.1000 24.9644 13.4397 11.0433 An
106.130 24.9644 32.5905 11.0433 Update
141.311 24.9644 10.8274 11.0433 on
154.730 24.9644 42.7789 11.0433 Overview
200.099 24.9644 8.3445 11.0433 of
211.693 24.9644 41.7871 11.0433 Cellulose,
256.071 24.9644 10.4710 11.0433 Its
269.133 24.9644 40.9326 11.0433 Structure
312.548 24.9644 17.1966 11.0433 and
332.336 24.9644 55.6918 11.0433 Applications

90.1000 38.1582 22.3025 11.0433 DOI:
115.371 38.1582 186.319 11.0433 http://dx.doi.org/10.5772/intechopen.84727

104.493 66.5745 9.7275 12.4262 1.
115.720 66.5864 40.6729 12.4982 Fourier
158.418 66.5864 55.6181 12.4982 transform
216.243 66.5864 45.3856 12.4982 infrared
263.836 66.5864 71.9423 12.4982 spectroscopy
337.744 66.5864 42.4014 12.4982 (FTIR):
382.544 66.5745 20.3307 12.4262 The
405.274 66.5745 42.4361 12.4262 infrared
450.469 66.5745 37.6371 12.4262 spectra

115.720 80.9679 45.6987 12.4262 obtained
164.177 80.9679 28.1630 12.4262 using
195.099 80.9679 5.7093 12.4262 a
203.206 80.9679 27.1315 12.4262 FTIR
233.096 80.9679 69.9020 12.4262 Spectrometer
305.457 80.9679 32.3010 12.4262 model
340.517 80.9679 76.7148 12.4262 IRAFFINITY-1
419.990 80.9679 18.9500 12.4262 CE.
441.699 80.9679 20.3307 12.4262 The
464.428 80.9679 37.6384 12.4262 spectra

115.720 95.3613 24.9967 12.4262 were
143.103 95.3613 10.3883 12.4262 to
155.877 95.3613 12.3782 12.4262 be
170.643 95.3613 28.7986 12.4262 taken
201.828 95.3613 9.8236 12.4262 at
214.039 95.3613 5.7093 12.4262 a
222.135 95.3613 52.4877 12.4262 resolution
277.009 95.3613 10.6031 12.4262 of
290.719 95.3613 6.7768 12.4262 4
300.246 95.3613 15.9645 12.4262 cm
316.232 93.4946 9.2339 7.2327 −1
325.465 95.3613 3.5743 12.4262 ,
331.670 95.3613 24.0008 12.4262 with
358.056 95.3613 5.7093 12.4262 a
366.152 95.3613 23.4849 12.4262 total
392.384 95.3613 10.6030 12.4262 of
406.094 95.3613 13.5055 12.4262 60
422.346 95.3613 27.8870 12.4262 scans
452.620 95.3613 15.3170 12.4262 for
470.384 95.3613 23.5090 12.4262 each
496.280 95.3613 25.6194 12.4262 sam-

115.719 109.754 18.6873 12.4262 ple.
136.805 109.754 20.3307 12.4262 The
159.535 109.754 72.4100 12.4262 transmittance
234.343 109.754 28.9798 12.4262 range
265.721 109.754 10.6032 12.4262 of
279.442 109.754 16.7200 12.4262 the
298.561 109.754 27.8870 12.4262 scans
328.727 109.754 19.8266 12.4262 was
350.953 109.754 54.3094 12.4262 600–4000
408.021 109.754 15.9645 12.4262 cm
423.986 107.888 9.2335 7.2327 −1
433.220 109.754 3.1905 12.4262 .
438.809 109.754 20.3304 12.4262 The
461.538 109.754 48.1691 12.4262 composi-

115.720 124.148 21.0502 12.4262 tion
139.169 124.148 41.2366 12.4262 changes
182.804 124.148 10.4471 12.4262 in
195.649 124.148 23.2811 12.4262 GBF
221.569 124.148 24.9967 12.4262 were
248.965 124.148 62.3829 12.4262 investigated
314.106 124.148 12.8698 12.4262 by
329.375 124.148 27.1303 12.4262 FTIR
359.264 124.148 67.8149 12.4262 spectroscopy
429.478 124.148 40.8307 12.4262 (Figure
472.515 124.160 14.3325 12.4982 5).

104.493 152.934 9.7275 12.4262 2.
115.720 152.946 50.7243 12.4982 Scanning
168.651 152.946 45.0739 12.4982 electron
215.932 152.946 63.3185 12.4982 microscopy
281.217 152.946 39.9055 12.4982 (SEM):
323.521 152.934 20.3307 12.4262 The
346.251 152.934 42.1603 12.4262 bamboo
390.809 152.934 24.9005 12.4262 fibre
418.109 152.934 41.3089 12.4262 samples
461.696 152.934 19.8266 12.4262 was

115.720 167.327 73.7408 12.4262 vacuum-dried
192.219 167.327 15.3170 12.4262 for
209.995 167.327 12.1505 12.4262 24
224.904 167.327 29.5062 12.4262 hours
256.809 167.327 9.8233 12.4262 at
269.032 167.327 28.5828 12.4262 70°C,
300.373 167.327 39.0300 12.4262 pressed
342.162 167.327 23.6516 12.4262 onto
368.213 167.327 5.7093 12.4262 a
376.321 167.327 36.1751 12.4262 carbon
414.895 167.327 22.2857 12.4262 tape
439.579 167.327 41.8244 12.4262 adhered
484.162 167.327 10.3872 12.4262 to
496.948 167.327 5.7093 12.4262 a

115.720 181.721 36.5952 12.4262 sample
154.714 181.721 33.5722 12.4262 holder
190.745 181.721 40.8530 12.4262 surface,
234.357 181.721 19.4669 12.4262 and
256.582 181.721 49.3079 12.4262 sputtered
308.529 181.721 24.0008 12.4262 with
334.928 181.721 48.3974 12.4262 titanium.
386.084 181.721 42.6032 12.4262 Imaging
431.446 181.721 10.6032 12.4262 of
445.168 181.721 23.5088 12.4262 each
471.076 181.721 36.5939 12.4262 sample

115.720 196.114 19.8266 12.4262 was
137.945 196.114 25.6798 12.4262 done
166.024 196.114 28.1615 12.4262 using
196.944 196.114 37.9619 12.4262 Hitachi
237.665 196.114 40.7929 12.4262 M-3030
281.216 196.114 46.4904 12.4262 scanning
330.465 196.114 42.4712 12.4262 electron
375.335 196.114 62.4550 12.4262 microscope.
440.549 196.114 15.2809 12.4262 All
458.589 196.114 35.8021 12.4262 images
496.670 196.114 24.9967 12.4262 were

115.720 210.508 28.7985 12.4262 taken
146.917 210.508 9.8233 12.4262 at
159.139 210.508 12.7021 12.4262 an
174.240 210.508 62.0345 12.4262 accelerating
238.913 210.508 37.1705 12.4262 voltage
278.483 210.508 10.6017 12.4262 of
292.203 210.508 5.6014 12.4262 5
300.563 210.508 15.2449 12.4262 kV
318.447 210.508 24.0008 12.4262 with
344.847 210.508 5.7093 12.4262 a
352.955 210.508 72.6377 12.4262 magnification
427.990 210.508 10.6032 12.4262 of
441.712 210.508 25.3438 12.4262 1500
469.814 210.508 23.7248 12.4262 time
495.938 210.508 24.3381 12.4262 [33].

104.493 239.294 9.5236 12.4262 3.
115.720 239.306 124.954 12.4982 Barrett-Joyner-Halenda
242.473 239.306 31.7012 12.4982 (BJH)
275.974 239.306 45.7465 12.4982 analysis:
324.072 239.294 10.6988 12.4262 In
336.762 239.294 27.3234 12.4262 order
366.136 239.294 10.1845 12.4262 to
378.310 239.294 12.8458 12.4262 do
393.147 239.294 20.2465 12.4262 BJH
415.745 239.294 39.5456 12.4262 analysis
457.281 239.294 16.3122 12.4262 the
475.585 239.294 41.1407 12.4262 bamboo

115.720 253.688 24.0846 12.4262 fibre
141.795 253.688 35.5743 12.4262 sample
179.361 253.688 8.0842 12.4262 is
189.436 253.688 26.7115 12.4262 dried
218.499 253.688 14.9080 12.4262 for
235.458 253.688 11.9466 12.4262 24
249.755 253.688 28.6906 12.4262 hours
280.437 253.688 9.6194 12.4262 at
292.047 253.688 24.3968 12.4262 70°C
318.795 253.688 19.0603 12.4262 and
340.206 253.688 40.9126 12.4262 inserted
383.470 253.688 20.1266 12.4262 into
405.588 253.688 5.7093 12.4262 a
413.287 253.688 43.5756 12.4262 capillary
458.854 253.688 25.5961 12.4262 tube.
486.441 253.688 19.9229 12.4262 The

115.720 268.081 32.9246 12.4262 outgas
150.635 268.081 18.7831 12.4262 had
171.769 268.081 12.4982 12.4262 an
186.259 268.081 72.7216 12.4262 approximately
260.971 268.081 5.5894 12.4262 7
268.911 268.081 24.2165 12.4262 hour
295.179 268.081 43.4316 12.4262 duration
340.481 268.081 23.3891 12.4262 with
365.861 268.081 23.0892 12.4262 final
391.301 268.081 32.9245 12.4262 outgas
426.217 268.081 62.0831 12.4262 temperature
490.291 268.081 10.3993 12.4262 of

115.720 282.474 33.0565 12.4262 350°C.
151.127 282.474 26.8183 12.4262 After
179.996 282.474 32.9245 12.4262 outgas
214.912 282.474 40.3370 12.4262 process,
257.600 282.474 16.3125 12.4262 the
275.903 282.474 35.5744 12.4262 sample
313.349 282.474 19.4188 12.4262 was
334.759 282.474 43.6716 12.4262 analysed
380.781 282.474 27.3474 12.4262 using
410.480 282.474 26.5317 12.4262 Nova
439.002 282.474 75.1928 12.4262 Quantachrome

115.720 296.868 31.0178 12.4262 4200e
148.727 296.868 53.3864 12.4262 automated
204.465 296.868 16.2405 12.4262 gas
222.696 296.868 42.4602 12.4262 sorption
267.146 296.868 56.5177 12.4262 instrument
325.655 296.868 14.9089 12.4262 for
342.615 296.868 13.8309 12.4262 1.5
358.797 296.868 28.6907 12.4262 hours
389.479 296.868 30.7175 12.4262 across
422.187 296.868 5.7093 12.4262 a
429.768 296.868 24.6604 12.4262 wide
456.419 296.868 28.1626 12.4262 range
486.573 296.868 10.3993 12.4262 of

115.720 311.261 36.9670 12.4262 relative
154.678 311.261 46.8393 12.4262 pressures
203.508 311.261 9.6194 12.4262 at
215.119 311.261 43.2037 12.4262 constant
260.313 311.261 62.0832 12.4262 temperature
324.388 311.261 16.5283 12.4262 (77
343.267 311.261 13.4097 12.4262 K)
359.028 311.261 27.3474 12.4262 using
388.726 311.261 29.2904 12.4262 liquid
420.367 311.261 42.8439 12.4262 nitrogen
465.202 311.261 39.6018 12.4262 (Figure
506.603 311.273 15.0763 12.4982 6).

104.492 340.048 9.7275 12.4262 4.
115.719 340.060 109.145 12.4982 Thermogravimetric
227.072 340.060 43.9716 12.4982 analysis
273.250 340.060 41.0211 12.4982 (TGA):
317.031 340.048 47.7616 12.4262 Dynamic
367.190 340.048 98.4622 12.4262 thermogravimetric
468.051 340.048 31.1974 12.4262 meas-

115.719 354.441 48.8898 12.4262 urements
166.888 354.441 24.9967 12.4262 were
194.283 354.441 55.3302 12.4262 performed
252.372 354.441 28.1615 12.4262 using
283.292 354.441 5.7093 12.4262 a
291.400 354.441 51.9238 12.4262 Shimadzu
345.723 354.441 25.7520 12.4262 DTG
374.234 354.441 22.4525 12.4262 60H
399.445 354.441 61.5435 12.4262 instrument.
463.387 354.441 20.3307 12.4262 The

115.719 368.835 64.1219 12.4262 temperature
182.240 368.835 49.6432 12.4262 programs
234.282 368.835 15.3167 12.4262 for
252.058 368.835 45.1706 12.4262 dynamic
299.627 368.835 23.4132 12.4262 tests
325.319 368.835 19.8266 12.4262 was
347.544 368.835 18.7351 12.4262 run
368.678 368.835 25.8828 12.4262 from
396.960 368.835 42.9040 12.4262 ambient
442.263 368.835 64.1222 12.4262 temperature

115.719 383.228 52.8834 12.4262 25–700°C.
171.361 383.228 15.2809 12.4262 All
189.401 383.228 75.4683 12.4262 measurements
267.148 383.228 19.8266 12.4262 was
289.373 383.228 28.2946 12.4262 made
320.067 383.228 30.8847 12.4262 under
353.410 383.228 5.7093 12.4262 a
361.519 383.228 44.2714 12.4262 nitrogen
408.189 383.228 23.3771 12.4262 flow
433.965 383.228 17.8837 12.4262 (20
453.349 383.228 51.6480 12.4262 mL/min),

115.719 397.622 28.5348 12.4262 while
146.653 397.622 40.9490 12.4262 keeping
190.360 397.622 5.7093 12.4262 a
198.467 397.622 44.6310 12.4262 constant
245.497 397.622 38.8260 12.4262 heating
287.082 397.622 20.0305 12.4262 rate
309.511 397.622 10.6032 12.4262 of
323.233 397.622 24.5769 12.4262 10°C
349.310 397.622 20.8463 12.4262 min
370.155 395.755 9.2335 7.2327 −1
382.147 397.622 19.4671 12.4262 and
404.373 397.622 28.1630 12.4262 using
435.295 397.622 12.7021 12.4262 an
450.396 397.622 57.3692 12.4262 aluminium

115.719 412.015 41.8006 12.4262 crucible
159.798 412.015 24.0008 12.4262 with
186.197 412.015 5.7093 12.4262 a
194.305 412.015 39.3775 12.4262 pinhole
236.081 412.015 40.8291 12.4262 (Figure
279.117 412.027 14.2966 12.4982 7).

90.0982 440.921 32.8287 12.2703 6.1.2.5
125.805 440.921 83.8625 12.2703 Characterization
212.546 440.921 9.2717 12.2703 of
225.428 440.921 39.4500 12.2703 cellulose
267.757 440.921 44.7979 12.2703 extracted
315.433 440.921 23.4613 12.2703 from
341.773 440.921 17.8467 12.2703 rice
362.919 440.921 22.4654 12.2703 husk
388.263 440.921 26.5906 12.2703 fibres

107.098 469.588 20.3307 12.4262 The
129.827 469.588 46.2628 12.4262 chemical
178.849 469.588 71.1613 12.4262 conformation
252.409 469.588 10.6032 12.4262 of
266.131 469.588 19.3708 12.4262 rice
287.901 469.588 24.9844 12.4262 husk
315.404 469.588 9.8233 12.4262 at
327.626 469.588 52.9903 12.4262 individual
383.375 469.588 29.7463 12.4262 phase
415.520 469.588 10.6032 12.4262 of
429.242 469.588 32.2887 12.4262 action
463.928 469.588 8.2881 12.4262 is
474.616 469.588 46.5981 12.4262 originate

90.0982 483.981 10.3870 12.4262 to
102.884 483.981 12.3782 12.4262 be
117.661 483.981 32.5170 12.4262 giving
152.937 483.981 10.3860 12.4262 to
165.722 483.981 16.7201 12.4262 the
184.841 483.981 58.4725 12.4262 approaches
245.712 483.981 48.5533 12.4262 conveyed
297.024 483.981 12.8687 12.4262 by
312.292 483.981 16.7200 12.4262 the
331.051 483.981 49.5485 12.4262 Technical
383.358 483.981 60.3199 12.4262 Association
446.077 483.981 10.6017 12.4262 of
459.797 483.981 24.1089 12.4262 Pulp
486.304 483.981 19.4671 12.4262 and

90.0982 498.375 29.7942 12.4262 Paper
122.351 498.375 44.7987 12.4262 Industry
169.547 498.375 47.2459 12.4262 (TAPPI).
219.192 498.375 20.3307 12.4262 The
241.922 498.375 44.7140 12.4262 cellulose
289.034 498.375 19.4671 12.4262 and
311.260 498.375 70.9228 12.4262 hemicellulose
384.582 498.375 44.1881 12.4262 contents
431.167 498.375 16.0364 12.4262 are
449.603 498.375 46.8861 12.4262 retrieved

90.0982 512.768 54.7905 12.4262 conferring
147.647 512.768 10.3872 12.4262 to
160.072 512.768 33.5003 12.4262 TAPPI
196.331 512.768 45.6626 12.4262 standard
244.392 512.768 26.1827 12.4262 T203
273.334 512.768 31.5454 12.4262 OS-74
307.638 512.768 37.0865 12.4262 though
347.123 512.768 16.7200 12.4262 the
366.242 512.768 30.4178 12.4262 lignin
399.058 512.768 39.4619 12.4262 content
440.919 512.768 8.2881 12.4262 is
451.606 512.768 52.6075 12.4262 restrained

90.0982 527.162 50.7721 12.4262 according
143.629 527.162 10.3872 12.4262 to
156.054 527.162 33.5003 12.4262 TAPPI
192.313 527.162 37.6026 12.4262 normal
232.314 527.162 25.6909 12.4262 T222
260.764 527.162 34.5918 12.4262 OS-83.
297.754 527.162 20.3307 12.4262 The
320.484 527.162 26.2917 12.4262 silica
349.175 527.162 17.3439 12.4262 ash
368.917 527.162 39.4607 12.4262 content
410.778 527.162 8.2881 12.4262 is
421.464 527.162 52.3431 12.4262 calculated
476.566 527.162 12.8699 12.4262 by

90.3184 764.108 28.4411 9.9986 Figure
120.525 764.108 6.8320 9.9986 5.

90.3184 774.989 51.2113 9.8163 Comparative
143.832 774.989 41.0287 9.8163 differences
187.164 774.989 7.4174 9.8163 of
197.470 774.989 21.3117 9.8163 FTIR
221.084 774.989 21.6753 9.8163 peaks
245.063 774.989 15.2087 9.8163 into
262.574 774.989 20.7067 9.8163 green
285.584 774.989 31.2721 9.8163 bamboo
319.159 774.989 18.3076 9.8163 fibre
339.769 774.989 26.9443 9.8163 (GBF)
368.921 774.989 15.2859 9.8163 and
386.509 774.989 31.5588 9.8163 cellulose
420.371 774.989 18.3084 9.8163 fibre
440.983 774.989 22.5679 9.8163 (CF).
465.518 774.989 15.1609 9.8163 The
482.982 774.989 18.6153 9.8163 peak

90.3184 785.784 33.3061 9.8163 intensity
125.831 785.784 8.0700 9.8163 at
136.204 785.784 16.4181 9.8163 1514
154.925 785.784 11.5626 9.8163 cm
166.487 786.747 7.0268 3.4460 −1
175.816 785.784 18.7692 9.8163 from
196.888 785.784 11.7163 9.8163 the
210.908 785.784 35.4831 9.8163 spectrum
248.694 785.784 7.4174 9.8163 of
258.998 785.784 11.7162 9.8163 the
273.017 785.784 18.4235 9.8163 GBF
293.744 785.784 6.0539 9.8163 is
302.101 785.784 30.7256 9.8163 credited
335.129 785.784 7.2820 9.8163 to
344.714 785.784 11.7160 9.8163 the
358.733 785.784 20.0778 9.8163 C═C
381.114 785.784 36.8555 9.8163 stretching
420.272 785.784 36.3479 9.8163 vibration
458.923 785.784 7.9739 9.8163 in
469.200 785.784 11.7154 9.8163 the
483.122 785.784 35.1486 9.8163 aromatic

90.3182 796.579 15.8708 9.8163 ring
108.491 796.579 7.4174 9.8163 of
118.796 796.579 25.3609 9.8163 lignin.
145.596 796.579 14.5755 9.8163 Yet,
162.475 796.579 11.7160 9.8163 the
176.494 796.579 31.5588 9.8163 cellulose
210.355 796.579 18.3084 9.8163 fibre
230.967 796.579 12.9435 9.8163 did
246.213 796.579 12.5989 9.8163 not
261.115 796.579 19.3255 9.8163 show
282.744 796.579 11.7164 9.8163 the
296.763 796.579 20.0785 9.8163 C═C
319.144 796.579 36.8555 9.8163 stretching
358.207 796.579 8.0698 9.8163 at
368.579 796.579 15.8998 9.8163 that
386.782 796.579 26.7131 9.8163 region.
415.462 796.579 17.3293 9.8163 This
435.094 796.579 6.0537 9.8163 is
443.355 796.579 10.1715 9.8163 an
455.830 796.579 39.8203 9.8163 indication
497.953 796.579 15.8996 9.8163 that

90.3186 807.374 11.7164 9.8163 the
104.337 807.374 22.7893 9.8163 lignin
129.430 807.374 14.9967 9.8163 was
146.729 807.374 16.2550 9.8163 well
165.287 807.374 32.8941 9.8163 removed
200.484 807.374 9.2394 9.8163 by
212.027 807.374 34.2944 9.8163 chemical
248.624 807.374 26.5880 9.8163 process
277.515 807.374 15.0165 9.8163 [30,
294.834 807.374 14.8345 9.8163 32].

90.1000 24.9644 38.1171 11.0433 Cellulose

90.1000 848.115 9.8259 9.9986 10

90.1000 541.765 33.5242 12.4262 means
126.023 541.765 10.6032 12.4262 of
139.744 541.765 16.7201 12.4262 the
158.863 541.765 98.4610 12.4262 thermogravimetric
259.723 541.765 65.2139 12.4262 examination
327.336 541.765 35.1199 12.4262 (TGA)
365.214 541.765 25.4389 12.4262 data.
393.052 541.765 20.3307 12.4262 The
415.782 541.765 66.6047 12.4262 arrangement
484.786 541.765 10.6032 12.4262 of

90.1000 556.158 26.2919 12.4262 silica
118.790 556.158 17.3439 12.4262 ash
138.413 556.158 19.8266 12.4262 was
160.638 556.158 31.0533 12.4262 found
194.451 556.158 9.8221 12.4262 at
206.671 556.158 68.8361 12.4262 temperatures
277.906 556.158 32.8889 12.4262 900°C
313.554 556.158 10.5431 12.4262 as
326.496 556.158 16.7200 12.4262 the
345.615 556.158 41.0076 12.4262 residual
389.381 556.158 17.3439 12.4262 ash
409.124 556.158 9.8233 12.4262 at
421.346 556.158 19.3710 12.4262 this
443.116 556.158 27.7549 12.4262 point
473.270 556.158 18.2675 12.4262 can
493.935 556.158 12.3782 12.4262 be

90.1000 570.551 42.5198 12.4262 credited
135.378 570.551 10.3872 12.4262 to
148.164 570.551 16.7201 12.4262 the
167.283 570.551 26.2917 12.4262 silica
195.973 570.551 17.3439 12.4262 ash
215.716 570.551 21.2314 12.4262 [30,
239.706 570.551 15.0407 12.4262 33,
257.505 570.551 20.5585 12.4262 34].

90.1001 599.458 33.3804 12.2703 6.1.2.6
126.359 599.458 44.5580 12.2703 Scanning
173.795 599.458 37.8667 12.2703 electron
214.541 599.458 53.3503 12.2703 microscopy
270.770 599.458 35.6712 12.2703 (SEM)

107.100 628.124 8.0844 12.4262 It
117.583 628.124 8.2881 12.4262 is
128.270 628.124 39.3896 12.4262 utilized
170.418 628.124 10.3872 12.4262 to
183.205 628.124 31.9154 12.4262 detect
217.519 628.124 16.7200 12.4262 the
236.638 628.124 54.7068 12.4262 superficial
294.103 628.124 63.8087 12.4262 morphology
360.311 628.124 10.6032 12.4262 of
374.033 628.124 16.7200 12.4262 the
393.152 628.124 19.3708 12.4262 rice
414.922 628.124 24.9844 12.4262 husk
442.425 628.124 32.5649 12.4262 fibres.
477.389 628.124 20.3307 12.4262 The

90.1001 642.518 29.6261 12.4262 effect
122.125 642.518 10.6032 12.4262 of
135.846 642.518 16.7201 12.4262 the
154.964 642.518 52.3680 12.4262 numerous
209.731 642.518 46.2628 12.4262 chemical
258.753 642.518 56.2062 12.4262 treatments
317.358 642.518 8.2881 12.4262 is
328.045 642.518 49.8365 12.4262 evaluated
380.640 642.518 28.1615 12.4262 using
411.560 642.518 12.7021 12.4262 an
426.661 642.518 57.5731 12.4262 assessment
486.633 642.518 10.6032 12.4262 of

90.1001 656.911 16.7202 12.4262 the
109.219 656.911 21.3382 12.4262 raw,
133.316 656.911 28.0789 12.4262 alkali
164.153 656.911 40.1570 12.4262 treated,
207.069 656.911 19.4657 12.4262 and
229.293 656.911 45.8544 12.4262 bleached
277.907 656.911 32.5648 12.4262 fibres.
313.230 656.911 22.4416 12.4262 Rice
338.071 656.911 24.9832 12.4262 husk
365.574 656.911 29.6132 12.4262 fibres
397.586 656.911 8.2881 12.4262 is
408.273 656.911 44.1755 12.4262 reserved
455.207 656.911 13.3618 12.4262 on
470.968 656.911 16.7200 12.4262 the

90.1001 671.305 57.3692 12.4262 aluminium
149.867 671.305 22.6695 12.4262 stub
174.935 671.305 19.4671 12.4262 and
197.161 671.305 31.1615 12.4262 raised
231.081 671.305 10.4471 12.4262 in
243.927 671.305 16.7200 12.4262 the
263.046 671.305 24.8035 12.4262 oven
290.248 671.305 9.8233 12.4262 at
302.470 671.305 29.0865 12.4262 60°C.
334.316 671.305 20.3306 12.4262 The
357.045 671.305 41.3077 12.4262 samples
400.752 671.305 16.0364 12.4262 are
419.187 671.305 23.6410 12.4262 then
445.227 671.305 40.3255 12.4262 covered
488.191 671.305 24.0008 12.4262 with

90.1001 685.698 22.4172 12.4262 gold
115.276 685.698 12.8701 12.4262 by
130.545 685.698 33.5241 12.4262 means
166.466 685.698 10.6032 12.4262 of
180.188 685.698 5.7093 12.4262 a
188.176 685.698 41.4767 12.4262 vacuum
232.052 685.698 37.0749 12.4262 sputter
271.586 685.698 31.8573 12.4262 coater
305.902 685.698 37.5772 12.4262 (model
346.238 685.698 14.4533 12.4262 SC
363.450 685.698 27.8272 12.4262 500).
393.676 685.698 20.3307 12.4262 The
416.285 685.698 30.7296 12.4262 width
449.414 685.698 10.6032 12.4262 of
463.135 685.698 16.7200 12.4262 the
482.254 685.698 22.4175 12.4262 gold

90.1001 700.091 25.2243 12.4262 layer
117.783 700.091 8.2881 12.4262 is
128.470 700.091 75.1673 12.4262 approximately
206.036 700.091 44.3913 12.4262 0.01–0.1
253.187 700.919 19.9229 10.7950 μm.
275.508 700.091 20.3307 12.4262 The
298.238 700.091 66.6044 12.4262 fast-tracking
367.481 700.091 37.1705 12.4262 voltage
407.051 700.091 8.2881 12.4262 is
417.738 700.091 11.3454 12.4262 15
431.842 700.091 16.2643 12.4262 kV.
450.865 700.091 69.9993 12.4262 Transmission

90.1003 714.485 42.4722 12.4262 electron
134.971 714.485 59.9947 12.4262 microscopy
197.364 714.485 36.4990 12.4262 (TEM)
236.622 714.485 8.2881 12.4262 is
247.308 714.485 24.0608 12.4262 used
274.127 714.485 10.3872 12.4262 to
286.914 714.485 42.1243 12.4262 regulate
331.437 714.485 16.7200 12.4262 the
350.556 714.485 61.9017 12.4262 proportions
414.856 714.485 10.6032 12.4262 of
428.578 714.485 16.7200 12.4262 the
447.697 714.485 44.7139 12.4262 cellulose

90.1003 728.878 65.6093 12.4262 nanocrystals
158.108 728.878 42.5080 12.4262 attained
203.375 728.878 25.8839 12.4262 from
231.656 728.878 16.7200 12.4262 the
250.775 728.878 19.3708 12.4262 rice
272.545 728.878 24.9844 12.4262 husk
300.048 728.878 32.5649 12.4262 fibres.
335.372 728.878 8.6120 12.4262 A
346.743 728.878 24.6233 12.4262 drop
373.765 728.878 10.6032 12.4262 of
387.487 728.878 5.7093 12.4262 a
395.595 728.878 36.7744 12.4262 diluted
435.128 728.878 57.4773 12.4262 suspension
495.003 728.878 20.4385 12.4262 (1%

90.1003 743.272 12.8700 12.4262 by
105.249 743.272 40.4692 12.4262 weight)
148.477 743.272 8.2881 12.4262 is
159.162 743.272 33.4639 12.4262 placed
195.385 743.272 13.3618 12.4262 on
211.146 743.272 16.7200 12.4262 the
230.265 743.272 54.7056 12.4262 superficial
287.729 743.272 10.6032 12.4262 of
301.451 743.272 5.7093 12.4262 a
309.559 743.272 27.1554 12.4262 clean
339.113 743.272 35.8503 12.4262 copper
377.422 743.272 21.3019 12.4262 grid
401.483 743.272 19.4669 12.4262 and
423.708 743.272 40.3255 12.4262 covered
466.793 743.272 41.6555 12.4262 through
510.847 743.272 5.7093 12.4262 a

90.1003 757.665 21.5299 12.4262 thin
114.029 757.665 36.1751 12.4262 carbon
152.602 757.665 24.7924 12.4262 film.
180.153 757.665 13.4457 12.4262 As
195.998 757.665 15.3167 12.4262 for
213.773 757.665 42.5205 12.4262 contrast
258.693 757.665 10.4471 12.4262 in
271.179 757.665 29.5182 12.4262 TEM,
303.456 757.665 16.7189 12.4262 the
322.574 757.665 44.7152 12.4262 cellulose
369.688 757.665 65.6077 12.4262 nanocrystals
437.694 757.665 16.0364 12.4262 are
456.129 757.665 60.9916 12.4262 undesirably

90.1003 772.058 37.5663 12.4262 stained
130.425 772.058 10.4471 12.4262 in
143.271 772.058 5.7093 12.4262 a
151.379 772.058 16.5043 12.4262 2%
170.642 772.058 12.8689 12.4262 by
185.790 772.058 35.1917 12.4262 weight
223.380 772.058 42.2804 12.4262 solution
268.059 772.058 10.6032 12.4262 of
281.781 772.058 33.5834 12.4262 uranyl
318.123 772.058 36.0925 12.4262 acetate
356.615 772.058 15.3155 12.4262 for
374.389 772.058 12.1865 12.4262 10
389.335 772.058 40.8527 12.4262 seconds
432.586 772.058 23.6410 12.4262 then
458.626 772.058 36.8951 12.4262 carried

90.1003 786.452 26.2438 12.4262 away
118.742 786.452 12.8699 12.4262 by
134.011 786.452 33.5229 12.4262 means
169.934 786.452 10.6017 12.4262 of
183.654 786.452 23.2572 12.4262 50%
209.670 786.452 12.8699 12.4262 by
224.819 786.452 35.1917 12.4262 weight
262.409 786.452 10.6032 12.4262 of
276.131 786.452 32.3010 12.4262 sieved
311.191 786.452 40.5039 12.4262 alcohol.
354.454 786.452 27.2273 12.4262 Later
384.140 786.452 36.5951 12.4262 sample
423.134 786.452 8.2881 12.4262 is
433.821 786.452 58.3513 12.4262 dehydrated
494.931 786.452 9.8232 12.4262 at

90.1003 800.845 42.9038 12.4262 ambient
135.403 800.845 64.1214 12.4262 temperature
201.923 800.845 33.0688 12.4262 before
237.031 800.845 25.9439 12.4262 TEM
265.733 800.845 65.2121 12.4262 examination
333.344 800.845 8.2881 12.4262 is
344.031 800.845 48.5412 12.4262 approved
395.331 800.845 17.3549 12.4262 out
415.085 800.845 41.6563 12.4262 through
459.140 800.845 12.7021 12.4262 an
474.241 800.845 40.3967 12.4262 acceler-

90.1003 815.239 26.3398 12.4262 ating
119.078 815.239 37.1705 12.4262 voltage
158.648 815.239 10.6032 12.4262 of
172.370 815.239 13.1939 12.4262 80
188.322 815.239 15.2449 12.4262 kV
206.326 815.239 40.8287 12.4262 (Figure
249.361 815.250 14.8720 12.4982 8).

90.1000 459.257 28.4411 9.9986 Figure
120.306 459.257 6.4858 9.9986 7.

90.1000 470.138 15.1609 9.8163 The
107.563 470.138 72.9160 9.8163 thermogravimetric
182.685 470.138 30.7922 9.8163 analysis
215.781 470.138 7.4174 9.8163 of
226.085 470.138 24.4589 9.8163 (GBF,
252.847 470.138 20.3904 9.8163 DBF,
275.541 470.138 24.2382 9.8163 DLBF
301.985 470.138 15.2859 9.8163 and
319.574 470.138 16.5044 9.8163 CF)
338.381 470.138 20.7066 9.8163 green
361.390 470.138 31.2721 9.8163 bamboo
394.965 470.138 20.8023 9.8163 fibre,
418.071 470.138 34.6403 9.8163 dewaxed
455.014 470.138 31.2713 9.8163 bamboo
488.588 470.138 20.8030 9.8163 fibre,

90.1000 480.933 41.1254 9.8163 delignified
133.528 480.933 31.2721 9.8163 bamboo
167.103 480.933 18.3076 9.8163 fibre
187.618 480.933 15.2859 9.8163 and
205.206 480.933 31.5596 9.8163 cellulose
239.069 480.933 20.8023 9.8163 fibre,
262.174 480.933 45.7897 9.8163 respectively.
309.930 480.933 15.1609 9.8163 The
327.394 480.933 25.8025 9.8163 weight
355.499 480.933 13.0500 9.8163 loss
370.852 480.933 15.2366 9.8163 rate
388.392 480.933 14.9979 9.8163 was
405.693 480.933 33.5744 9.8163 obtained
441.570 480.933 18.7692 9.8163 from
462.642 480.933 11.7163 9.8163 the
476.661 480.933 39.2065 9.8163 derivative

90.1000 491.728 72.9158 9.8163 thermogravimetric
165.318 491.728 29.3326 9.8163 (DTG)
196.954 491.728 20.4388 9.8163 data.
219.360 491.728 15.1609 9.8163 The
236.824 491.728 44.4355 9.8163 intersection
283.562 491.728 7.4174 9.8163 of
293.868 491.728 32.1439 9.8163 tangents
328.315 491.728 25.7257 9.8163 drawn
356.343 491.728 18.7692 9.8163 from
377.415 491.728 72.9154 9.8163 thermogravimetric
452.634 491.728 23.5191 9.8163 curve,
478.456 491.728 13.4146 9.8163 one

90.1000 502.523 23.5371 9.8163 before
115.940 502.523 36.7030 9.8163 inflection
154.946 502.523 25.4860 9.8163 caused
182.734 502.523 9.2406 9.8163 by
194.278 502.523 11.7152 9.8163 the
208.296 502.523 47.1519 9.8163 degradation
257.655 502.523 15.2859 9.8163 and
275.148 502.523 30.0250 9.8163 another
307.476 502.523 18.7680 9.8163 from
328.547 502.523 11.7163 9.8163 the
342.566 502.523 31.5596 9.8163 cellulose
376.429 502.523 47.1515 9.8163 degradation
425.883 502.523 15.1983 9.8163 step
443.384 502.523 34.0730 9.8163 indicates
479.760 502.523 11.7153 9.8163 the
493.779 502.523 19.6419 9.8163 onset

90.1000 513.318 47.1517 9.8163 degradation
139.554 513.318 47.3637 9.8163 temperature
189.221 513.318 19.1323 9.8163 [30].

90.1000 199.875 28.4411 9.9986 Figure
120.306 199.875 7.9643 9.9986 6.

90.1000 210.756 16.3986 9.8163 BJH
108.801 210.756 27.3082 9.8163 surface
138.316 210.756 17.1379 9.8163 area
157.757 210.756 10.8038 9.8163 for
170.864 210.756 15.7076 9.8163 four
188.874 210.756 32.2307 9.8163 samples.
223.408 210.756 6.2468 9.8163 It
231.958 210.756 14.9980 9.8163 was
249.259 210.756 21.2349 9.8163 noted
272.797 210.756 15.8989 9.8163 that
290.998 210.756 19.2394 9.8163 there
312.541 210.756 14.9979 9.8163 was
329.745 210.756 10.1715 9.8163 an
342.219 210.756 30.8201 9.8163 increase
375.342 210.756 7.9740 9.8163 in
385.619 210.756 11.7162 9.8163 the
399.638 210.756 16.3989 9.8163 BJH
418.340 210.756 27.3082 9.8163 surface
447.855 210.756 17.1367 9.8163 area
467.295 210.756 7.4174 9.8163 of
477.601 210.756 18.4235 9.8163 GBF

90.1000 221.551 15.2859 9.8163 and
107.593 221.551 5.0473 9.8163 a
114.943 221.551 31.6545 9.8163 decrease
148.804 221.551 18.8637 9.8163 after
169.971 221.551 25.8983 9.8163 DLBF.
198.172 221.551 15.1610 9.8163 The
215.636 221.551 36.6252 9.8163 decreased
254.564 221.551 27.3080 9.8163 surface
284.079 221.551 17.1371 9.8163 area
303.519 221.551 7.4174 9.8163 of
313.825 221.551 31.5596 9.8163 cellulose
347.687 221.551 18.3076 9.8163 fibre
368.298 221.551 22.5399 9.8163 might
393.141 221.551 8.7895 9.8163 be
404.137 221.551 5.0473 9.8163 a
411.487 221.551 21.4549 9.8163 result
435.245 221.551 7.4174 9.8163 of
445.550 221.551 11.7169 9.8163 the
459.570 221.551 44.1578 9.8163 mechanical

90.1000 232.346 32.9602 9.8163 grinding
125.363 232.346 26.5880 9.8163 process
154.254 232.346 15.8996 9.8163 that
172.456 232.346 25.6957 9.8163 creates
200.455 232.346 28.9115 9.8163 smaller
231.669 232.346 31.5591 9.8163 cellulose
265.531 232.346 18.3084 9.8163 fibre
286.143 232.346 16.1397 9.8163 thus
304.585 232.346 30.0334 9.8163 reduced
336.922 232.346 11.7162 9.8163 the
350.941 232.346 27.3081 9.8163 surface
380.456 232.346 19.5174 9.8163 area.
401.940 232.346 17.3293 9.8163 This
421.573 232.346 21.4547 9.8163 result
445.234 232.346 15.2951 9.8163 also
462.832 232.346 34.0732 9.8163 indicates
499.209 232.346 15.8988 9.8163 that

90.1000 243.141 44.1588 9.8163 mechanical
136.561 243.141 32.9595 9.8163 grinding
171.824 243.141 25.2749 9.8163 should
199.401 243.141 8.7895 9.8163 be
210.397 243.141 30.4183 9.8163 avoided
243.118 243.141 7.2832 9.8163 to
252.705 243.141 24.8133 9.8163 obtain
280.157 243.141 24.4591 9.8163 higher
306.919 243.141 16.3980 9.8163 BJH
325.619 243.141 27.3078 9.8163 surface
355.134 243.141 19.5177 9.8163 area.
376.619 243.141 15.1609 9.8163 The
394.083 243.141 18.7008 9.8163 final
415.087 243.141 31.5602 9.8163 cellulose
448.950 243.141 18.3084 9.8163 fibre
469.561 243.141 27.9896 9.8163 showed
499.854 243.141 15.8997 9.8163 that

90.1000 253.936 16.3986 9.8163 BJH
108.801 253.936 27.3082 9.8163 surface
138.316 253.936 17.1379 9.8163 area
157.757 253.936 6.0538 9.8163 is
166.114 253.936 14.4604 9.8163 two
182.877 253.936 20.1892 9.8163 times
205.369 253.936 26.9818 9.8163 greater
234.654 253.936 18.0013 9.8163 than
254.958 253.936 11.7162 9.8163 the
268.977 253.936 24.4485 9.8163 initial
295.729 253.936 20.7067 9.8163 green
318.738 253.936 31.2721 9.8163 bamboo
352.313 253.936 18.3084 9.8163 fibre
372.925 253.936 15.0156 9.8163 [30,
390.243 253.936 14.8345 9.8163 32].

90.1000 848.115 8.9239 9.9986 11

90.1000 24.9644 13.4397 11.0433 An
106.130 24.9644 32.5905 11.0433 Update
141.311 24.9644 10.8274 11.0433 on
154.730 24.9644 42.7789 11.0433 Overview
200.099 24.9644 8.3445 11.0433 of
211.693 24.9644 41.7871 11.0433 Cellulose,
256.071 24.9644 10.4710 11.0433 Its
269.133 24.9644 40.9326 11.0433 Structure
312.548 24.9644 17.1966 11.0433 and
332.336 24.9644 55.6918 11.0433 Applications

90.1000 38.1582 22.3025 11.0433 DOI:
115.371 38.1582 186.319 11.0433 http://dx.doi.org/10.5772/intechopen.84727

90.1000 455.218 32.5888 12.2703 6.1.2.7
125.567 455.218 35.8260 12.2703 Fourier
164.272 455.218 48.4685 12.2703 transform
215.619 455.218 39.6297 12.2703 infrared
258.127 455.218 37.7692 12.2703 (FTIR)
298.775 455.218 58.8794 12.2703 spectroscopy

107.100 483.885 38.4063 12.4262 Fourier
147.965 483.885 52.1880 12.4262 transform
202.550 483.885 42.4361 12.4262 infrared
247.745 483.885 37.6383 12.4262 spectra
287.783 483.885 16.0364 12.4262 are
306.218 483.885 29.6620 12.4262 noted
338.519 483.885 24.0008 12.4262 with
364.918 483.885 16.7189 12.4262 the
384.036 483.885 51.5035 12.4262 assistance
437.939 483.885 10.6032 12.4262 of
451.660 483.885 5.7093 12.4262 a
459.769 483.885 38.5861 12.4262 Perkin-

90.1000 498.278 31.4254 12.4262 Elmer
123.984 498.278 27.1303 12.4262 FTIR
153.873 498.278 100.956 12.4262 spectrophotometer.
257.588 498.278 60.2823 12.4262 Un-treated,
320.629 498.278 72.8539 12.4262 alkali-treated,
396.242 498.278 50.7961 12.4262 blanched,
449.797 498.278 19.4657 12.4262 and
472.021 498.278 25.9800 12.4262 acid-

90.1000 512.672 56.9733 12.4262 hydrolysed
149.832 512.672 19.3707 12.4262 rice
171.601 512.672 24.9844 12.4262 husk
199.105 512.672 29.6132 12.4262 fibres
231.117 512.672 37.1348 12.4262 models
270.650 512.672 16.0364 12.4262 are
289.086 512.672 54.1426 12.4262 examined.
345.987 512.672 37.4332 12.4262 Models
385.819 512.672 16.0364 12.4262 are
404.254 512.672 55.8338 12.4262 excellently
462.487 512.672 41.3204 12.4262 crushed

90.1000 527.065 19.4668 12.4262 and
112.325 527.065 32.4208 12.4262 mixed
147.384 527.065 24.0008 12.4262 with
173.783 527.065 53.2073 12.4262 potassium
229.389 527.065 46.8863 12.4262 bromide.
278.674 527.065 20.3307 12.4262 The
301.403 527.065 65.9092 12.4262 combination
369.711 527.065 8.2881 12.4262 is
380.398 527.065 23.6410 12.4262 then
406.437 527.065 46.5610 12.4262 flattened
455.757 527.065 10.3872 12.4262 to
468.543 527.065 28.9546 12.4262 pellet

90.1000 541.458 28.9065 12.4262 form.
121.765 541.458 27.1304 12.4262 FTIR
151.654 541.458 40.9727 12.4262 spectral
195.385 541.458 67.0010 12.4262 investigation
264.784 541.458 8.2881 12.4262 is
275.471 541.458 45.3025 12.4262 achieved
323.532 541.458 31.0414 12.4262 inside
356.972 541.458 16.7200 12.4262 the
375.971 541.458 26.2678 12.4262 wave
404.637 541.458 41.1769 12.4262 number
448.273 541.458 28.9782 12.4262 range
479.650 541.458 10.6032 12.4262 of

90.1000 555.852 54.5626 12.4262 400–4000
147.421 555.852 15.9645 12.4262 cm
163.385 553.985 9.2335 7.2327 −1
175.377 555.852 40.8292 12.4262 (Figure
218.413 555.864 15.3521 12.4982 9).

90.0997 584.758 33.0086 12.2703 6.1.2.8
125.987 584.758 27.8017 12.2703 X-ray
156.667 584.758 52.6662 12.2703 diffraction
212.212 584.758 35.7792 12.2703 (XRD)

107.099 613.425 30.4059 12.4262 X-ray
140.576 613.425 59.5282 12.4262 diffraction
203.173 613.425 8.6240 12.4262 is
214.868 613.425 40.4092 12.4262 applied
258.707 613.425 10.7229 12.4262 to
272.501 613.425 43.6945 12.4262 identify
319.266 613.425 17.3920 12.4262 the
339.728 613.425 66.5928 12.4262 crystallinity
409.392 613.425 10.9389 12.4262 of
424.121 613.425 20.3788 12.4262 rice
447.570 613.425 25.9919 12.4262 husk
476.752 613.425 24.8047 12.4262 grits

90.0997 627.819 26.1356 12.4262 after
119.366 627.819 54.7184 12.4262 numerous
177.154 627.819 56.3486 12.4262 extraction
236.574 627.819 50.3887 12.4262 methods.
290.393 627.819 26.2067 12.4262 Each
319.670 627.819 88.6984 12.4262 sample/material
411.799 627.819 10.7830 12.4262 in
425.653 627.819 17.3920 12.4262 the
446.115 627.819 46.5509 12.4262 arrange-

90.0997 642.212 28.1031 12.4262 ment
121.273 642.212 10.9389 12.4262 of
136.002 642.212 34.6159 12.4262 milled
174.049 642.212 40.8289 12.4262 powder
218.008 642.212 8.6240 12.4262 is
229.703 642.212 15.4128 12.4262 set
248.186 642.212 27.6951 12.4262 aside
278.952 642.212 13.6976 12.4262 on
295.720 642.212 17.3920 12.4262 the
316.182 642.212 38.2740 12.4262 sample
357.407 642.212 31.7972 12.4262 vessel
392.634 642.212 20.1386 12.4262 and
416.204 642.212 41.9444 12.4262 levelled
461.578 642.212 10.7241 12.4262 to
475.372 642.212 31.8093 12.4262 attain

90.0997 656.605 49.8728 12.4262 complete
143.042 656.605 20.1386 12.4262 and
166.612 656.605 56.2299 12.4262 unvarying
226.272 656.605 30.4059 12.4262 X-ray
259.748 656.605 52.7993 12.4262 exposure.
315.618 656.605 21.0022 12.4262 The
339.691 656.605 28.1749 12.4262 trials
370.936 656.605 16.7080 12.4262 are
390.715 656.605 53.3029 12.4262 examined
447.329 656.605 25.0083 12.4262 with
475.408 656.605 17.3920 12.4262 the

90.0997 670.999 54.5263 12.4262 assistance
147.696 670.999 10.9389 12.4262 of
162.425 670.999 13.0379 12.4262 an
178.534 670.999 30.4063 12.4262 X-ray
212.011 670.999 80.3623 12.4262 diffractometer
295.504 670.999 10.1594 12.4262 at
308.734 670.999 28.7987 12.4262 room
340.603 670.999 67.4801 12.4262 temperature
411.153 670.999 26.7955 12.4262 (RT)
441.379 670.999 13.2057 12.4262 by
457.656 670.999 34.8680 12.4262 means

90.0997 685.392 10.9389 12.4262 of
104.829 685.392 5.7093 12.4262 a
113.609 685.392 86.4440 12.4262 monochromatic
203.123 685.392 30.8961 12.4262 CuKα
237.450 685.392 37.3383 12.4262 energy
277.858 685.392 35.4673 12.4262 source
316.396 685.392 11.5744 12.4262 (λ
331.401 685.392 6.7169 12.4262 =
341.548 685.392 35.0355 12.4262 0.1539
380.014 685.392 23.2210 12.4262 nm)
406.665 685.392 10.7830 12.4262 in
420.519 685.392 17.3920 12.4262 the
440.981 685.392 51.7797 12.4262 step-scan

90.0997 699.786 50.4725 12.4262 approach
143.523 699.786 25.0083 12.4262 with
171.601 699.786 5.7093 12.4262 a
180.381 699.786 12.1136 12.4262 2θ
195.925 699.786 28.9064 12.4262 angle
227.902 699.786 54.6342 12.4262 extending
285.967 699.786 26.8915 12.4262 from
315.929 699.786 12.5222 12.4262 10
331.881 699.786 10.7230 12.4262 to
345.675 699.786 25.9796 12.4262 50°C
374.965 699.786 25.0083 12.4262 with
403.043 699.786 5.7093 12.4262 a
411.824 699.786 27.6111 12.4262 stage
442.506 699.786 10.9389 12.4262 of
457.235 699.786 25.1283 12.4262 0.04
485.794 699.786 20.1384 12.4262 and

90.1000 714.179 48.8409 12.4262 scanning
142.371 714.179 35.5634 12.4262 period
181.365 714.179 10.9391 12.4262 of
196.094 714.179 5.6014 12.4262 5
205.126 714.179 47.2339 12.4262 minutes.
255.430 714.179 13.4698 12.4262 To
271.970 714.179 67.0379 12.4262 characterize
342.079 714.179 17.3920 12.4262 the
362.541 714.179 66.5928 12.4262 crystallinity
432.205 714.179 10.9389 12.4262 of
446.934 714.179 17.3920 12.4262 the
467.396 714.179 37.8419 12.4262 several

90.1000 728.572 46.9941 12.4262 samples,
140.524 728.572 17.3920 12.4262 the
160.986 728.572 66.5928 12.4262 crystallinity
230.650 728.572 30.4537 12.4262 index
264.174 728.572 21.7938 12.4262 CrI,
289.399 728.572 8.6240 12.4262 is
301.094 728.572 39.9291 12.4262 created
344.454 728.572 31.0054 12.4262 based
378.889 728.572 13.6976 12.4262 on
395.658 728.572 17.3920 12.4262 the
416.120 728.572 49.1877 12.4262 mirrored
468.738 728.572 48.4691 12.4262 intensity

90.1000 742.966 23.2573 12.4262 data
119.522 742.966 42.8440 12.4262 (Figure
165.245 742.978 21.7568 12.4982 10).

90.1000 771.872 33.3804 12.2703 6.1.2.9
125.939 771.872 95.4501 12.2703 Thermogravimetric
224.147 771.872 38.4901 12.2703 analysis
265.515 771.872 36.1629 12.2703 (TGA)

107.100 800.539 20.3307 12.4262 The
129.829 800.539 40.9249 12.4262 thermal
173.513 800.539 42.1961 12.4262 stability
218.108 800.539 10.6017 12.4262 of
231.828 800.539 16.7200 12.4262 the
250.947 800.539 45.7712 12.4262 different
299.117 800.539 41.3089 12.4262 samples
342.825 800.539 8.2881 12.4262 is
353.511 800.539 60.0317 12.4262 determined
416.301 800.539 12.8699 12.4262 by
431.210 800.539 24.8045 12.4262 TGA
458.773 800.539 48.3364 12.4262 measure-

90.1000 814.933 31.8215 12.4262 ments
124.320 814.933 55.3302 12.4262 performed
182.409 814.933 28.1615 12.4262 using
213.329 814.933 5.7093 12.4262 a
221.437 814.933 38.5499 12.4262 Mettler
262.086 814.933 35.0717 12.4262 Toledo
299.557 814.933 98.4622 12.4262 thermogravimetric
400.418 814.933 45.2309 12.4262 analyser.
448.046 814.933 20.3319 12.4262 The
470.776 814.933 44.1393 12.4262 quantity

90.1000 396.580 28.4411 9.9986 Figure
120.306 396.580 7.3014 9.9986 8.

90.1000 407.461 19.8245 9.8163 SEM
112.208 407.461 26.0133 9.8163 images
140.505 407.461 7.4174 9.8163 of
150.791 407.461 13.4713 9.8163 (a)
166.546 407.461 37.2213 9.8163 untreated
206.051 407.461 14.2772 9.8163 rice
222.949 407.461 17.9713 9.8163 husk
243.109 407.461 15.2847 9.8163 and
260.678 407.461 14.2772 9.8163 rice
277.576 407.461 17.9713 9.8163 husk
297.831 407.461 30.3306 9.8163 residues
330.445 407.461 7.4174 9.8163 of
340.731 407.461 13.5201 9.8163 (b)
356.535 407.461 47.3349 9.8163 [BMIM]Cl,
406.154 407.461 115.741 9.8163 1-butyl-3-methylimidazolium

90.1000 418.256 34.0451 9.8163 chloride;
126.448 418.256 12.0418 9.8163 (c)
140.792 418.256 35.0813 9.8163 [EMIM]
178.177 418.256 19.8532 9.8163 OAc,
200.333 418.256 114.204 9.8163 1-ethyl-3-methylimidazolium
316.744 418.256 29.9764 9.8163 acetate;
348.928 418.256 15.2859 9.8163 and
366.517 418.256 13.7303 9.8163 (d)
382.550 418.256 35.0813 9.8163 [EMIM]
419.934 418.256 19.9876 9.8163 DEP,
442.225 418.256 37.9208 9.8163 1-ethyl-3-

90.1000 429.051 76.2841 9.8163 methylimidazolium
168.687 429.051 26.4456 9.8163 diethyl
197.435 429.051 39.2449 9.8163 phosphate
238.983 429.051 54.1368 9.8163 pretreatments
295.423 429.051 19.4502 9.8163 [34].

90.1000 24.9644 38.1171 11.0433 Cellulose

90.1000 848.115 9.6915 9.9986 12

90.1000 610.662 28.4411 9.9986 Figure
120.306 610.662 12.0904 9.9986 10.

90.1000 621.543 22.2423 9.8163 X-ray
114.645 621.543 57.3228 9.8163 diffractograms
174.271 621.543 7.4174 9.8163 of
184.575 621.543 14.2783 9.8163 rice
201.492 621.543 17.9717 9.8163 husk
221.767 621.543 24.6892 9.8163 (RH),
248.759 621.543 33.3821 9.8163 bleached
284.444 621.543 14.2776 9.8163 rice
301.360 621.543 17.9725 9.8163 husk
321.636 621.543 30.5705 9.8163 (RHB),
354.509 621.543 13.8262 9.8163 rise
370.974 621.543 17.9725 9.8163 husk
391.249 621.543 42.4878 9.8163 nanofibrin
435.944 621.543 18.8641 9.8163 after
457.111 621.543 4.0109 9.8163 1
463.328 621.543 15.2859 9.8163 and
480.917 621.543 4.4619 9.8163 2
487.682 621.543 18.0874 9.8163 hour
508.072 621.543 7.4174 9.8163 of

90.1000 632.338 36.3673 9.8163 bleaching
128.770 632.338 39.5614 9.8163 (RHNF1h
170.538 632.338 15.2859 9.8163 and
188.127 632.338 39.0144 9.8163 RHNF2h,
229.444 632.338 48.1493 9.8163 respectively)
279.897 632.338 19.4508 9.8163 [34].

90.1000 660.784 10.6030 12.4262 of
103.821 660.784 36.5939 12.4262 sample
142.815 660.784 44.2341 12.4262 involved
189.808 660.784 15.3170 12.4262 for
207.584 660.784 52.9915 12.4262 individual
263.334 660.784 70.7422 12.4262 measurement
336.475 660.784 49.1892 12.4262 remained
388.423 660.784 75.1676 12.4262 approximately
465.990 660.784 5.5654 12.4262 1
474.314 660.784 19.5388 12.4262 mg.
496.611 660.784 25.1998 12.4262 Each

90.1000 675.177 70.7435 12.4262 measurement
163.242 675.177 8.2881 12.4262 is
173.929 675.177 45.3013 12.4262 achieved
221.989 675.177 30.8858 12.4262 under
255.334 675.177 5.7093 12.4262 a
263.442 675.177 44.2714 12.4262 nitrogen
310.112 675.177 29.6623 12.4262 based
342.533 675.177 50.9028 12.4262 generated
396.195 675.177 60.7877 12.4262 atmosphere
459.381 675.177 41.6563 12.4262 through
503.437 675.177 5.7093 12.4262 a

90.1000 689.571 16.6481 12.4262 gas
109.146 689.571 23.3771 12.4262 flow
134.923 689.571 10.6032 12.4262 of
148.644 689.571 12.1865 12.4262 10
163.590 689.571 17.4638 12.4262 mL
183.812 689.571 20.8463 12.4262 min
204.658 687.704 9.2335 7.2327 −1
216.650 689.571 12.8699 12.4262 by
231.919 689.571 33.5241 12.4262 means
267.841 689.571 10.6032 12.4262 of
281.562 689.571 38.8260 12.4262 heating
323.147 689.571 16.7204 12.4262 the
342.266 689.571 56.7216 12.4262 substantial
401.746 689.571 25.8840 12.4262 from
430.029 689.571 27.7910 12.4262 room
460.219 689.571 47.2086 12.4262 tempera-

90.1006 703.964 21.4819 12.4262 ture
113.981 703.964 10.3872 12.4262 to
126.767 703.964 32.8889 12.4262 900°C
162.415 703.964 9.8220 12.4262 at
174.636 703.964 5.7093 12.4262 a
182.744 703.964 38.8260 12.4262 heating
224.329 703.964 20.0305 12.4262 rate
246.758 703.964 10.6032 12.4262 of
260.480 703.964 24.5769 12.4262 10°C
287.816 703.964 20.8463 12.4262 min
308.661 702.097 9.2339 7.2327 −1
320.653 703.964 25.2002 12.4262 [34].

90.1002 741.457 8.4968 13.7480 7.
101.024 741.457 77.0788 13.7480 Applications
180.531 741.457 12.6793 13.7480 of
195.638 741.457 52.5109 13.7480 cellulose

107.100 771.132 47.4977 12.4262 Cellulose
156.996 771.132 8.2881 12.4262 is
167.682 771.132 16.7212 12.4262 the
186.801 771.132 25.8241 12.4262 most
215.024 771.132 30.2257 12.4262 richly
247.649 771.132 31.0533 12.4262 found
281.461 771.132 38.8737 12.4262 organic
322.733 771.132 46.0815 12.4262 polymer,
371.573 771.132 10.5431 12.4262 as
384.515 771.132 7.6884 12.4262 it
394.603 771.132 8.2881 12.4262 is
405.290 771.132 5.7093 12.4262 a
413.398 771.132 30.3816 12.4262 major
446.238 771.132 51.3345 12.4262 structural

90.1002 785.526 58.9526 12.4262 component
151.450 785.526 10.6032 12.4262 of
165.172 785.526 16.7201 12.4262 the
184.291 785.526 42.5678 12.4262 primary
229.258 785.526 17.6918 12.4262 cell
249.588 785.526 21.6606 12.4262 wall
274.007 785.526 10.6031 12.4262 of
287.729 785.526 29.0504 12.4262 green
319.178 785.526 34.9635 12.4262 plants,
356.901 785.526 35.8274 12.4262 several
395.487 785.526 26.3035 12.4262 algae
424.189 785.526 19.4671 12.4262 and
446.415 785.526 57.2838 12.4262 oomycetes.

90.1002 799.919 47.4977 12.4262 Cellulose
139.996 799.919 8.2881 12.4262 is
150.682 799.919 31.0533 12.4262 found
184.494 799.919 10.4471 12.4262 in
197.340 799.919 25.4278 12.4262 large
225.167 799.919 51.6361 12.4262 quantities
279.202 799.919 10.4471 12.4262 in
292.047 799.919 54.2389 12.4262 frequently
348.684 799.919 24.0608 12.4262 used
375.504 799.919 47.8698 12.4262 materials
425.772 799.919 18.8071 12.4262 like
446.978 799.919 33.3326 12.4262 cotton
482.709 799.919 37.9263 12.4262 (90%),

90.1000 371.488 28.4411 9.9986 Figure
120.306 371.488 7.6764 9.9986 9.

90.1000 382.369 21.3119 9.8163 FTIR
113.714 382.369 27.2504 9.8163 spectra
143.268 382.369 10.8045 9.8163 for
156.375 382.369 13.4818 9.8163 RH
172.160 382.369 18.4416 9.8163 (rice
193.240 382.369 24.5345 9.8163 husk),
220.078 382.369 13.4818 9.8163 RH
235.862 382.369 58.5706 9.8163 extractive-free,
296.640 382.369 32.1164 9.8163 alkaline
331.059 382.369 26.9146 9.8163 treated
360.277 382.369 13.4818 9.8163 RH
376.061 382.369 17.9341 9.8163 (RH
396.202 382.369 18.8645 9.8163 after
417.369 382.369 7.5615 9.8163 15
427.233 382.369 30.3701 9.8163 minutes
459.811 382.369 43.1986 9.8163 autoclave),
505.312 382.369 13.4818 9.8163 RH

90.1000 393.164 31.5598 9.8163 cellulose
123.962 393.164 23.0284 9.8163 (after
149.294 393.164 8.6743 9.8163 30
160.271 393.164 30.3699 9.8163 minutes
192.944 393.164 41.2025 9.8163 bleaching)
236.353 393.164 15.2859 9.8163 and
253.942 393.164 45.1848 9.8163 commercial
301.430 393.164 62.5336 9.8163 microcrystalline
366.266 393.164 31.5601 9.8163 cellulose
400.129 393.164 30.8497 9.8163 (MCC)
433.282 393.164 7.9730 9.8163 in
443.558 393.164 11.7162 9.8163 the
457.577 393.164 21.2830 9.8163 range
481.163 393.164 18.7680 9.8163 from
502.234 393.164 18.4331 9.8163 2000

90.1000 403.959 7.2829 9.8163 to
99.6859 403.959 13.7699 9.8163 800
115.758 403.959 11.5617 9.8163 cm
127.320 404.922 7.0268 3.4460 −1
136.650 403.959 19.4502 9.8163 [34].

90.1000 848.115 9.2597 9.9986 13

90.1000 24.9644 13.4397 11.0433 An
106.130 24.9644 32.5905 11.0433 Update
141.311 24.9644 10.8274 11.0433 on
154.730 24.9644 42.7789 11.0433 Overview
200.099 24.9644 8.3445 11.0433 of
211.693 24.9644 41.7871 11.0433 Cellulose,
256.071 24.9644 10.4710 11.0433 Its
269.133 24.9644 40.9326 11.0433 Structure
312.548 24.9644 17.1966 11.0433 and
332.336 24.9644 55.6918 11.0433 Applications

90.1000 38.1582 22.3025 11.0433 DOI:
115.371 38.1582 186.319 11.0433 http://dx.doi.org/10.5772/intechopen.84727

90.1000 66.5745 31.1853 12.4262 Wood
124.044 66.5745 33.5719 12.4262 (50%)
160.374 66.5745 19.4668 12.4262 and
182.600 66.5745 27.5259 12.4262 dried
212.884 66.5745 31.7494 12.4262 Hemp
247.033 66.5745 35.9343 12.4262 (57%).
285.726 66.5745 8.0841 12.4262 It
296.209 66.5745 17.3919 12.4262 has
316.000 66.5745 52.3681 12.4262 numerous
370.767 66.5745 62.9091 12.4262 applications
436.074 66.5745 10.4471 12.4262 in
448.800 66.5745 38.4422 12.4262 various

90.1000 80.9679 31.7492 12.4262 fields,
124.607 80.9679 17.6919 12.4262 but
144.698 80.9679 7.6884 12.4262 it
154.786 80.9679 8.2881 12.4262 is
165.472 80.9679 25.8240 12.4262 most
193.695 80.9679 54.2389 12.4262 frequently
250.332 80.9679 24.0608 12.4262 used
277.152 80.9679 10.4471 12.4262 in
289.996 80.9679 16.7200 12.4262 the
309.117 80.9679 77.9863 12.4262 manufacturing
389.862 80.9679 10.6032 12.4262 of
403.582 80.9679 29.5780 12.4262 paper
435.619 80.9679 19.4671 12.4262 and
457.845 80.9679 52.9672 12.4262 cardboard

90.1000 95.3613 11.2028 12.4262 or
103.761 95.3613 10.4471 12.4262 in
116.607 95.3613 51.6601 12.4262 derivative
170.665 95.3613 45.7823 12.4262 products
218.846 95.3613 18.8072 12.4262 like
240.053 95.3613 55.9297 12.4262 cellophane
298.381 95.3613 19.4671 12.4262 and
320.607 95.3613 32.7567 12.4262 rayon.
356.122 95.3613 8.0831 12.4262 It
366.604 95.3613 8.2881 12.4262 is
377.292 95.3613 20.2465 12.4262 also
399.937 95.3613 5.7093 12.4262 a
408.045 95.3613 30.3816 12.4262 major
440.886 95.3613 58.9516 12.4262 component

90.1000 109.754 10.6030 12.4262 of
103.821 109.754 37.4823 12.4262 textiles
143.701 109.754 28.2946 12.4262 made
174.395 109.754 25.8840 12.4262 from
202.678 109.754 33.3326 12.4262 cotton
238.409 109.754 11.2028 12.4262 or
252.071 109.754 29.5291 12.4262 linen.
284.359 109.754 42.8201 12.4262 Further,
329.937 109.754 12.4143 12.4262 its
344.751 109.754 17.3199 12.4262 use
364.469 109.754 8.2881 12.4262 is
375.156 109.754 23.0414 12.4262 seen
400.596 109.754 10.4471 12.4262 in
413.441 109.754 16.7200 12.4262 the
432.560 109.754 80.1580 12.4262 pharmaceutical

90.1000 124.148 44.3433 12.4262 industry
136.842 124.148 10.5431 12.4262 as
149.784 124.148 40.9239 12.4262 inactive
193.107 124.148 29.6499 12.4262 fillers
225.155 124.148 10.4471 12.4262 in
238.001 124.148 32.9007 12.4262 drugs,
273.661 124.148 10.4471 12.4262 in
286.506 124.148 16.7200 12.4262 the
305.625 124.148 25.7158 12.4262 form
333.739 124.148 10.6032 12.4262 of
347.461 124.148 51.3829 12.4262 powdered
401.603 124.148 44.7151 12.4262 cellulose
448.717 124.148 19.4671 12.4262 and
470.942 124.148 34.9995 12.4262 micro-

90.1000 138.541 54.1665 12.4262 crystalline
146.665 138.541 47.6644 12.4262 cellulose.
197.088 138.541 48.8300 12.4262 However,
248.677 138.541 18.9992 12.4262 one
270.075 138.541 10.6032 12.4262 of
283.797 138.541 16.7200 12.4262 the
302.916 138.541 25.8229 12.4262 most
331.138 138.541 52.9673 12.4262 important
386.504 138.541 22.0335 12.4262 uses
410.936 138.541 10.6032 12.4262 of
424.658 138.541 44.7139 12.4262 cellulose
471.771 138.541 8.2881 12.4262 is
482.458 138.541 10.4471 12.4262 in
495.304 138.541 16.7200 12.4262 the

90.1000 152.934 57.8715 12.4262 production
150.370 152.934 10.6032 12.4262 of
164.092 152.934 36.4986 12.4262 biofuel
203.349 152.934 19.4670 12.4262 and
225.575 152.934 10.4471 12.4262 in
238.419 152.934 16.7200 12.4262 the
257.538 152.934 23.6528 12.4262 food
283.950 152.934 46.7899 12.4262 Industry.
333.139 152.934 22.9803 12.4262 This
358.398 152.934 19.5869 12.4262 will
380.744 152.934 12.3782 12.4262 be
395.521 152.934 54.3946 12.4262 elaborated
452.674 152.934 37.9623 12.4262 further
493.095 152.934 10.4471 12.4262 in

90.1000 167.328 16.7202 12.4262 the
109.219 167.328 49.2368 12.4262 following
161.214 167.328 41.9791 12.4262 sections
205.592 167.328 24.3373 12.4262 [33].

90.1000 197.326 13.0617 12.4982 7.1
105.368 197.326 19.7428 12.4982 Use
127.318 197.326 11.5266 12.4982 of
141.052 197.326 47.7365 12.4982 cellulose
190.995 197.326 11.0830 12.4982 in
204.285 197.326 56.5538 12.4982 renewable
263.046 197.326 37.7810 12.4982 energy

90.1000 223.822 21.9258 12.2703 7.1.1
114.904 223.822 34.7347 12.2703 Biofuel

107.100 252.489 8.6120 12.4262 A
118.470 252.489 35.3356 12.4262 drastic
156.205 252.489 42.4349 12.4262 increase
201.038 252.489 10.4471 12.4262 in
213.884 252.489 16.7200 12.4262 the
233.003 252.489 56.7573 12.4262 population
292.158 252.489 10.6032 12.4262 of
305.880 252.489 16.7200 12.4262 the
324.879 252.489 30.2621 12.4262 world
357.900 252.489 40.9852 12.4262 coupled
401.524 252.489 24.0008 12.4262 with
427.922 252.489 12.7021 12.4262 an
443.023 252.489 61.4477 12.4262 exponential

90.1000 266.882 42.4362 12.4262 increase
134.935 266.882 10.4471 12.4262 in
147.780 266.882 68.9674 12.4262 technological
219.506 266.882 73.9815 12.4262 advancements
295.886 266.882 19.4671 12.4262 and
318.112 266.882 24.9842 12.4262 need
345.855 266.882 10.6032 12.4262 of
359.576 266.882 16.7200 12.4262 the
378.695 266.882 37.8534 12.4262 people,
419.307 266.882 26.8797 12.4262 fossil
448.946 266.882 24.9844 12.4262 fuels
476.329 266.882 16.0364 12.4262 are

90.1000 281.275 28.8945 12.4262 being
121.753 281.275 37.1467 12.4262 rapidly
161.297 281.275 47.7133 12.4262 depleted.
211.769 281.275 12.4261 12.4262 At
226.594 281.275 23.7728 12.4262 such
252.766 281.275 12.7021 12.4262 an
267.866 281.275 27.3233 12.4262 hour,
297.948 281.275 16.7203 12.4262 the
317.067 281.275 24.8526 12.4262 term
344.319 281.275 58.1125 12.4262 sustainable
404.830 281.275 67.4554 12.4262 development
474.684 281.275 32.5651 12.4262 comes

90.1000 295.668 20.7381 12.4262 into
113.237 295.668 23.7848 12.4262 play.
139.780 295.668 10.9028 12.4262 In
153.082 295.668 28.1378 12.4262 order
183.680 295.668 10.3872 12.4262 to
196.465 295.668 40.3611 12.4262 develop
239.225 295.668 61.1591 12.4262 sustainably,
303.143 295.668 7.6884 12.4262 it
313.230 295.668 8.2881 12.4262 is
323.916 295.668 52.9673 12.4262 important
379.282 295.668 10.3872 12.4262 to
392.068 295.668 34.1122 12.4262 switch
428.580 295.668 10.3872 12.4262 to
441.366 295.668 5.7093 12.4262 a
449.474 295.668 20.1494 12.4262 fuel
472.382 295.668 20.9064 12.4262 that
495.688 295.668 8.2881 12.4262 is

90.1000 310.061 27.0354 12.4262 more
119.534 310.061 30.7297 12.4262 clean,
153.022 310.061 29.0492 12.4262 green
184.470 310.061 19.4671 12.4262 and
206.696 310.061 27.0356 12.4262 more
236.131 310.061 72.8894 12.4262 cost-effective.
311.779 310.061 21.6858 12.4262 One
335.864 310.061 23.7728 12.4262 such
362.035 310.061 58.7489 12.4262 alternative,
423.543 310.061 8.2881 12.4262 is
434.230 310.061 44.7151 12.4262 cellulose
481.343 310.061 38.8857 12.4262 derived

90.1000 324.454 39.6893 12.4262 biofuel.
132.188 324.454 30.5861 12.4262 There
165.172 324.454 16.0365 12.4262 are
183.607 324.454 52.3681 12.4262 numerous
238.374 324.454 57.2369 12.4262 advantages
298.010 324.454 10.6032 12.4262 of
311.732 324.454 28.1627 12.4262 using
342.653 324.454 40.0717 12.4262 biofuel,
385.483 324.454 16.7202 12.4262 the
404.603 324.454 21.6620 12.4262 first
428.664 324.454 19.4671 12.4262 and
450.889 324.454 46.5625 12.4262 foremost

90.1000 338.847 28.8945 12.4262 being
121.753 338.847 72.8888 12.4262 cost-effective.
197.400 338.847 35.2995 12.4262 Recent
235.099 338.847 36.5097 12.4262 studies
274.007 338.847 23.8329 12.4262 have
300.239 338.847 34.2202 12.4262 shown
336.858 338.847 20.9061 12.4262 that
360.163 338.847 18.9751 12.4262 due
381.537 338.847 10.3872 12.4262 to
394.323 338.847 42.4361 12.4262 increase
439.157 338.847 10.4471 12.4262 in
452.003 338.847 45.7225 12.4262 demand,
500.485 338.847 16.7202 12.4262 the

90.1000 353.240 20.9300 12.4262 cost
113.428 353.240 10.6032 12.4262 of
127.150 353.240 36.4975 12.4262 biofuel
166.406 353.240 8.2881 12.4262 is
177.093 353.240 55.2458 12.4262 decreasing
235.098 353.240 10.5431 12.4262 as
248.040 353.240 39.0646 12.4262 ethanol
289.863 353.240 25.6561 12.4262 costs
317.918 353.240 28.9304 12.4262 lesser
349.308 353.240 23.7849 12.4262 than
375.492 353.240 31.0053 12.4262 petrol
409.256 353.240 19.4670 12.4262 and
431.481 353.240 32.7438 12.4262 diesel.
466.984 353.240 42.8202 12.4262 Further,

90.1000 367.633 26.9756 12.4262 there
119.474 367.633 8.2881 12.4262 is
130.161 367.633 5.7093 12.4262 a
138.269 367.633 55.1368 12.4262 significant
195.805 367.633 50.3163 12.4262 reduction
248.520 367.633 10.4471 12.4262 in
261.366 367.633 16.7200 12.4262 the
280.484 367.633 36.1751 12.4262 carbon
319.058 367.633 49.0691 12.4262 emission.
370.526 367.633 20.3307 12.4262 The
393.256 367.633 19.4431 12.4262 raw
415.097 367.633 43.0365 12.4262 material
460.892 367.633 24.0607 12.4262 used
487.711 367.633 15.3170 12.4262 for

90.1000 382.026 36.4988 12.4262 biofuel
129.357 382.026 8.2881 12.4262 is
140.044 382.026 34.9745 12.4262 simply
177.417 382.026 5.7093 12.4262 a
185.525 382.026 47.4258 12.4262 substrate
235.350 382.026 20.9061 12.4262 that
258.655 382.026 17.3919 12.4262 has
278.446 382.026 44.7152 12.4262 cellulose
325.560 382.026 10.4471 12.4262 in
338.406 382.026 10.8789 12.4262 it.
352.044 382.026 27.6698 12.4262 Since
382.113 382.026 44.7152 12.4262 cellulose
429.226 382.026 8.2881 12.4262 is
439.914 382.026 11.2028 12.4262 so
453.394 382.026 34.8554 12.4262 widely

90.1000 396.419 53.3273 12.4262 abundant,
146.186 396.419 16.7203 12.4262 the
165.304 396.419 20.9303 12.4262 cost
188.633 396.419 8.2881 12.4262 is
199.320 396.419 64.8173 12.4262 significantly
266.536 396.419 31.1125 12.4262 lower.

107.100 410.813 20.3307 12.4262 The
129.829 410.813 39.0658 12.4262 ethanol
171.654 410.813 45.6989 12.4262 obtained
220.111 410.813 25.8839 12.4262 from
248.393 410.813 44.7152 12.4262 cellulose
295.507 410.813 8.2881 12.4262 is
306.194 410.813 24.0608 12.4262 used
333.013 410.813 10.5431 12.4262 as
345.955 410.813 12.7021 12.4262 an
361.055 410.813 55.4144 12.4262 alternative
418.869 410.813 47.4258 12.4262 substrate
468.693 410.813 10.4471 12.4262 in
481.539 410.813 16.7200 12.4262 the

90.1000 425.206 57.8715 12.4262 production
150.370 425.206 10.6032 12.4262 of
164.092 425.206 39.6891 12.4262 biofuel.
206.539 425.206 8.0831 12.4262 It
217.023 425.206 8.2881 12.4262 is
227.708 425.206 56.3978 12.4262 considered
286.865 425.206 5.7093 12.4262 a
294.973 425.206 43.4440 12.4262 superior
340.875 425.206 33.7879 12.4262 source
377.062 425.206 18.9751 12.4262 due
398.436 425.206 10.3872 12.4262 to
411.222 425.206 12.4140 12.4262 its
426.035 425.206 23.1611 12.4262 high
451.595 425.206 35.6596 12.4262 energy

90.1000 439.599 51.2998 12.4262 efficiency
143.797 439.599 19.4671 12.4262 and
166.023 439.599 18.9633 12.4262 low
187.385 439.599 20.9303 12.4262 cost
210.714 439.599 10.5431 12.4262 as
223.657 439.599 51.5509 12.4262 compared
277.966 439.599 10.3872 12.4262 to
290.752 439.599 27.7550 12.4262 other
320.966 439.599 41.4523 12.4262 sources.
364.818 439.599 22.9814 12.4262 This
390.198 439.599 8.2881 12.4262 is
400.885 439.599 5.7093 12.4262 a
408.873 439.599 22.9934 12.4262 very
434.264 439.599 25.5122 12.4262 good
462.535 439.599 33.7880 12.4262 source

90.1000 453.992 15.3168 12.4262 for
107.875 453.992 53.3387 12.4262 renewable
163.613 453.992 35.6581 12.4262 energy
201.670 453.992 10.5431 12.4262 as
214.612 453.992 7.6884 12.4262 it
224.699 453.992 8.2881 12.4262 is
235.387 453.992 31.0533 12.4262 found
269.199 453.992 25.8240 12.4262 most
297.421 453.992 59.4310 12.4262 abundantly
359.251 453.992 10.4471 12.4262 in
372.097 453.992 32.8764 12.4262 stalks,
407.732 453.992 30.7060 12.4262 leaves
440.837 453.992 19.4671 12.4262 and
463.063 453.992 24.9004 12.4262 stem
490.361 453.992 10.6032 12.4262 of

90.1000 468.385 29.0505 12.4262 green
121.549 468.385 34.5797 12.4262 plants.
158.887 468.385 30.6567 12.4262 Other
192.004 468.385 38.5007 12.4262 sources
232.903 468.385 15.3167 12.4262 for
250.679 468.385 39.0658 12.4262 ethanol
292.504 468.385 41.4404 12.4262 include,
336.703 468.385 57.6563 12.4262 feedstocks,
397.118 468.385 49.0676 12.4262 including
448.824 468.385 31.5335 12.4262 wheat
482.756 468.385 30.4541 12.4262 straw,

90.1000 482.778 19.3709 12.4262 rice
111.870 482.778 30.4542 12.4262 straw,
145.082 482.778 45.3259 12.4262 sawdust,
193.167 482.778 29.8063 12.4262 forest
225.372 482.778 44.9189 12.4262 thinning
273.050 482.778 19.4670 12.4262 and
295.275 482.778 36.6428 12.4262 grasses
334.317 482.778 49.0919 12.4262 perennial
386.168 482.778 36.6428 12.4262 grasses
425.209 482.778 19.4671 12.4262 and
447.435 482.778 38.7288 12.4262 switch-

90.1000 497.171 29.2064 12.4262 grass.
122.065 497.171 47.4976 12.4262 Cellulose
171.961 497.171 18.2675 12.4262 can
192.626 497.171 12.3782 12.4262 be
207.404 497.171 36.6671 12.4262 broken
246.469 497.171 29.3022 12.4262 down
278.170 497.171 20.7368 12.4262 into
301.307 497.171 62.8375 12.4262 fermentable
366.544 497.171 32.9726 12.4262 sugars
401.915 497.171 12.8699 12.4262 by
417.184 497.171 28.1627 12.4262 using
448.105 497.171 16.7204 12.4262 the
467.225 497.171 36.2939 12.4262 fungus

90.1000 511.684 64.0846 12.2703 Trichoderma
157.063 511.684 26.1122 12.2703 reesei
185.933 511.564 11.2028 12.4262 or
199.595 511.564 12.8699 12.4262 by
214.864 511.564 28.1627 12.4262 using
245.785 511.564 21.3610 12.4262 acid
269.905 511.564 10.3873 12.4262 to
282.691 511.564 39.4021 12.4262 convert
324.492 511.564 27.0474 12.4262 them
353.938 511.564 21.6608 12.4262 first
377.999 511.564 20.7368 12.4262 into
401.135 511.564 32.9726 12.4262 sugars
436.507 511.564 19.4671 12.4262 and
458.732 511.564 23.6413 12.4262 then
484.772 511.564 20.7380 12.4262 into

90.1000 525.957 19.5987 12.4262 gas.
112.097 525.957 20.3307 12.4262 The
134.827 525.957 17.3557 12.4262 gut
154.581 525.957 10.6032 12.4262 of
168.303 525.957 42.7112 12.4262 termites
213.414 525.957 20.2465 12.4262 also
236.058 525.957 18.2675 12.4262 can
256.725 525.957 12.3782 12.4262 be
271.502 525.957 39.3896 12.4262 utilized
313.650 525.957 15.3170 12.4262 for
331.426 525.957 19.3710 12.4262 this
353.196 525.957 45.0738 12.4262 purpose.
401.029 525.957 42.8203 12.4262 Further,
446.608 525.957 5.7093 12.4262 a
454.716 525.957 30.7045 12.4262 group
487.819 525.957 10.6032 12.4262 of

90.1000 540.350 41.6568 12.4262 bacteria
134.155 540.350 58.5557 12.4262 collectively
195.110 540.350 41.8846 12.4262 referred
239.753 540.350 10.3872 12.4262 to
252.539 540.350 10.5431 12.4262 as
265.481 540.350 69.5064 12.4262 methanogens
337.387 540.350 23.8329 12.4262 have
363.618 540.350 16.7200 12.4262 the
382.738 540.350 33.1643 12.4262 ability
418.301 540.350 10.3872 12.4262 to
431.087 540.350 30.8975 12.4262 digest
464.383 540.350 44.7151 12.4262 cellulose

90.1000 554.743 19.4668 12.4262 and
112.325 554.743 42.2441 12.4262 produce
156.967 554.743 36.1751 12.4262 carbon
195.541 554.743 10.2552 12.4262 di
208.555 554.743 28.3416 12.4262 oxide
239.296 554.743 19.4671 12.4262 and
261.521 554.743 48.7931 12.4262 methane,
312.953 554.743 31.7612 12.4262 which
347.113 554.743 8.2881 12.4262 is
357.801 554.743 37.9612 12.4262 further
398.222 554.743 54.0336 12.4262 processed.
455.014 554.743 21.6857 12.4262 One
479.099 554.743 30.7057 12.4262 group

90.1000 569.136 10.6030 12.4262 of
103.821 569.136 23.7728 12.4262 such
129.993 569.136 41.6555 12.4262 bacteria
174.047 569.136 30.3580 12.4262 called
207.164 569.136 87.7494 12.4262 methanobacteria
297.314 569.136 26.4704 12.4262 grow
326.183 569.136 69.1958 12.4262 anaerobically
397.778 569.136 13.3618 12.4262 on
413.538 569.136 48.0002 12.4262 cellulosic
463.937 569.136 34.6761 12.4262 matter
501.072 569.136 19.4671 12.4262 and

90.1000 583.529 41.1888 12.4262 degrade
133.687 583.529 7.6884 12.4262 it
143.775 583.529 10.3872 12.4262 to
156.561 583.529 42.2426 12.4262 produce
201.203 583.529 48.4093 12.4262 methane.
252.011 583.529 26.5798 12.4262 They
280.990 583.529 16.0364 12.4262 are
299.425 583.529 20.2465 12.4262 also
322.071 583.529 31.0522 12.4262 found
355.881 583.529 10.4471 12.4262 in
368.727 583.529 16.7200 12.4262 the
387.847 583.529 34.6999 12.4262 rumen
424.945 583.529 10.6032 12.4262 of
438.666 583.529 28.6308 12.4262 cattle
469.695 583.529 19.4671 12.4262 and
491.921 583.529 16.7204 12.4262 the

90.1000 597.922 26.5316 12.4262 dung
119.390 597.922 10.6032 12.4262 of
133.112 597.922 31.5801 12.4262 cattle.
167.450 597.922 13.4457 12.4262 As
183.295 597.922 8.2881 12.4262 is
193.982 597.922 23.0414 12.4262 seen
219.422 597.922 25.8840 12.4262 from
247.705 597.922 22.7054 12.4262 this,
273.169 597.922 7.6884 12.4262 it
283.256 597.922 8.2881 12.4262 is
293.943 597.922 26.4118 12.4262 quite
322.753 597.922 22.5617 12.4262 easy
347.714 597.922 10.3872 12.4262 to
360.500 597.922 33.3207 12.4262 obtain
396.220 597.922 5.7093 12.4262 a
404.328 597.922 47.4258 12.4262 substrate
454.152 597.922 15.3167 12.4262 for
471.928 597.922 33.1753 12.4262 biogas

90.1000 612.315 57.8715 12.4262 production
150.370 612.315 50.6162 12.4262 especially
203.385 612.315 12.8699 12.4262 by
218.653 612.315 28.1616 12.4262 using
249.454 612.315 29.5658 12.4262 waste
281.418 612.315 48.0014 12.4262 cellulosic
331.819 612.315 46.2266 12.4262 material.
380.443 612.315 54.6112 12.4262 Therefore,
437.813 612.315 7.6884 12.4262 it
447.900 612.315 8.2881 12.4262 is
458.587 612.315 52.9662 12.4262 important

90.1000 626.708 20.9062 12.4262 that
113.405 626.708 10.3872 12.4262 to
126.191 626.708 32.6489 12.4262 utilize
161.239 626.708 24.1929 12.4262 even
187.831 626.708 16.7201 12.4262 the
206.950 626.708 46.2372 12.4262 apparent
255.466 626.708 29.5658 12.4262 waste
287.431 626.708 43.0361 12.4262 material
333.225 626.708 10.3872 12.4262 to
346.012 626.708 34.5200 12.4262 ensure
382.931 626.708 5.7093 12.4262 a
391.039 626.708 50.3152 12.4262 reduction
443.753 626.708 10.4471 12.4262 in
456.479 626.708 41.2603 12.4262 wastage
500.139 626.708 19.4671 12.4262 and

90.1000 641.102 48.3493 12.4262 optimum
140.847 641.102 28.9184 12.4262 usage
172.164 641.102 10.6032 12.4262 of
185.886 641.102 12.4140 12.4262 its
200.699 641.102 46.3947 12.4262 potential
249.852 641.102 20.6655 12.4262 [34,
273.276 641.102 19.6228 12.4262 35].

90.1000 669.900 13.7814 12.4982 7.2
106.088 669.900 19.7427 12.4982 Use
128.038 669.900 11.5266 12.4982 of
141.771 669.900 47.7365 12.4982 cellulose
191.715 669.900 11.0830 12.4982 in
205.005 669.900 70.7310 12.4982 consumables

107.100 698.675 47.4977 12.4262 Cellulose
156.996 698.675 17.3919 12.4262 has
176.787 698.675 52.3669 12.4262 numerous
231.553 698.675 62.9103 12.4262 applications
296.862 698.675 10.4471 12.4262 in
309.708 698.675 16.7200 12.4262 the
328.826 698.675 23.5812 12.4262 field
355.166 698.675 10.6031 12.4262 of
368.887 698.675 84.9918 12.4262 pharmaceuticals
456.278 698.675 19.4659 12.4262 and
478.502 698.675 23.6531 12.4262 food

90.1000 713.069 59.5278 12.4262 technology.
152.386 713.069 54.9209 12.4262 Modifying
210.066 713.069 16.7204 12.4262 the
229.185 713.069 47.8684 12.4262 structure
279.452 713.069 10.6032 12.4262 of
293.174 713.069 44.7152 12.4262 cellulose
340.168 713.069 24.0008 12.4262 with
366.568 713.069 27.7538 12.4262 other
396.780 713.069 46.2628 12.4262 chemical
445.802 713.069 35.5396 12.4262 groups
483.740 713.069 34.2441 12.4262 results

90.1000 727.462 10.4471 12.4262 in
102.946 727.462 16.7201 12.4262 the
122.065 727.462 57.8714 12.4262 production
182.335 727.462 10.6032 12.4262 of
196.057 727.462 52.5823 12.4262 structures
251.038 727.462 20.9061 12.4262 that
274.343 727.462 23.8329 12.4262 have
300.575 727.462 31.0655 12.4262 better
334.099 727.462 93.0996 12.4262 bio-compatibility,
429.957 727.462 53.1223 12.4262 flexibility,
485.838 727.462 32.7807 12.4262 stabil-

90.1000 741.855 16.4083 12.4262 ity,
109.267 741.855 61.9738 12.4262 emulsifying
173.999 741.855 37.3023 12.4262 effects.
214.060 741.855 42.8203 12.4262 Further,
259.639 741.855 44.7139 12.4262 cellulose
306.752 741.855 28.8944 12.4262 being
338.405 741.855 60.4027 12.4262 indigestible
401.206 741.855 12.8699 12.4262 by
416.475 741.855 36.7628 12.4262 human
455.637 741.855 37.0615 12.4262 beings,
495.457 741.855 23.3771 12.4262 tend

90.1000 756.249 10.3870 12.4262 to
102.886 756.249 23.8329 12.4262 have
129.117 756.249 22.4059 12.4262 zero
153.922 756.249 42.6643 12.4262 calorific
198.865 756.249 27.7658 12.4262 value
229.030 756.249 19.4671 12.4262 and
251.256 756.249 18.2675 12.4262 can
271.922 756.249 22.7294 12.4262 thus
297.051 756.249 23.8329 12.4262 have
323.283 756.249 24.9125 12.4262 been
350.594 756.249 31.4357 12.4262 added
384.788 756.249 10.4471 12.4262 in
397.634 756.249 23.6528 12.4262 food
424.046 756.249 10.3873 12.4262 to
436.832 756.249 27.2259 12.4262 serve
466.457 756.249 35.8275 12.4262 several

90.1000 770.642 49.7887 12.4262 purposes.
142.647 770.642 63.4492 12.4262 Compounds
208.495 770.642 18.8072 12.4262 like
229.701 770.642 39.1497 12.4262 HPMC,
271.610 770.642 38.6699 12.4262 sodium
312.677 770.642 78.0942 12.4262 carboxymethyl
393.530 770.642 48.0493 12.4262 cellulose,
444.338 770.642 68.6188 12.4262 hydroxyethyl

90.1000 785.036 44.7149 12.4262 cellulose
137.213 785.036 19.4671 12.4262 and
159.439 785.036 32.4319 12.4262 others
194.271 785.036 16.0353 12.4262 are
212.705 785.036 55.4740 12.4262 commonly
270.578 785.036 39.3896 12.4262 utilized
312.726 785.036 10.4471 12.4262 in
325.572 785.036 16.7200 12.4262 the
344.691 785.036 80.1569 12.4262 pharmaceutical
427.607 785.036 44.3433 12.4262 industry
474.349 785.036 19.4671 12.4262 and
496.575 785.036 23.6519 12.4262 food

90.1000 799.429 57.5366 12.4262 technology
150.035 799.429 46.3332 12.4262 industry.
199.127 799.429 28.8107 12.4262 Some
230.337 799.429 10.6032 12.4262 of
244.058 799.429 27.1073 12.4262 these
273.565 799.429 22.0335 12.4262 uses
297.997 799.429 16.0364 12.4262 are
316.432 799.429 62.0696 12.4262 enumerated
381.261 799.429 33.9321 12.4262 below:

90.1000 24.9644 38.1171 11.0433 Cellulose

90.1000 848.115 9.7779 9.9986 14

90.1000 66.6939 23.0892 12.2703 7.2.1
116.067 66.6939 73.8125 12.2703 Hydroxypropyl
192.759 66.6939 72.4093 12.2703 methylcellulose

107.100 95.3607 34.8917 12.4262 HPMC
144.294 95.3607 8.0602 12.4262 is
154.177 95.3607 33.7164 12.4262 widely
189.837 95.3607 37.7945 12.4262 utilized
229.934 95.3607 10.2192 12.4262 in
242.097 95.3607 16.2644 12.4262 the
260.304 95.3607 77.1949 12.4262 pharmaceutical
339.802 95.3607 42.7467 12.4262 industry
384.492 95.3607 17.0082 12.4262 not
403.443 95.3607 22.3575 12.4262 only
427.744 95.3607 39.2937 12.4262 because
468.981 95.3607 7.4605 12.4262 it
478.384 95.3607 8.0602 12.4262 is
488.388 95.3607 19.6815 12.4262 safe

90.1000 109.754 19.0109 12.4262 and
111.413 109.754 44.1396 12.4262 nontoxic
157.496 109.754 17.2360 12.4262 but
176.675 109.754 19.5629 12.4262 also
198.181 109.754 39.2926 12.4262 because
239.417 109.754 7.4605 12.4262 it
248.820 109.754 22.7536 12.4262 does
273.517 109.754 17.0082 12.4262 not
292.469 109.754 15.4248 12.4262 get
309.836 109.754 49.8847 12.4262 engrossed
362.024 109.754 28.7025 12.4262 orally
392.670 109.754 19.0109 12.4262 and
413.984 109.754 22.7533 12.4262 does
438.680 109.754 17.0082 12.4262 not
457.631 109.754 40.1573 12.4262 upsurge
499.732 109.754 16.2644 12.4262 the

90.1000 124.147 34.5195 12.4262 energy
126.561 124.147 10.3753 12.4262 of
139.599 124.147 30.2978 12.4262 foods.
172.200 124.147 7.8562 12.4262 It
181.998 124.147 8.0602 12.4262 is
192.001 124.147 37.7945 12.4262 utilized
232.098 124.147 10.3152 12.4262 as
244.357 124.147 5.7093 12.4262 a
252.009 124.147 65.9451 12.4262 film-forming
320.257 124.147 30.7281 12.4262 agent,
353.288 124.147 49.7048 12.4262 thickener,
405.296 124.147 39.4606 12.4262 blocker,
447.059 124.147 51.7797 12.4262 sustained-

90.1000 138.540 34.0880 12.4262 release
126.131 138.540 30.7292 12.4262 agent,
159.163 138.540 44.2473 12.4262 blending
205.713 138.540 27.3829 12.4262 agent
235.039 138.540 19.0109 12.4262 and
256.353 138.540 57.1054 12.4262 suspending
315.761 138.540 27.3829 12.4262 agent
345.087 138.540 10.2192 12.4262 in
357.250 138.540 28.5466 12.4262 many
387.740 138.540 34.0163 12.4262 dosage
423.699 138.540 32.6848 12.4262 forms,
458.687 138.540 22.0457 12.4262 thus

90.1000 152.934 40.8640 12.4262 forming
133.266 152.934 16.2644 12.4262 the
151.474 152.934 50.7722 12.4262 numerous
204.189 152.934 77.1961 12.4262 pharmaceutical
283.688 152.934 58.6271 12.4262 preparation
344.259 152.934 59.8519 12.4262 consistently
406.054 152.934 42.1856 12.4262 discrete,
450.542 152.934 29.1464 12.4262 tough
481.631 152.934 26.3636 12.4262 short
509.938 152.934 10.3741 12.4262 of

90.1000 167.327 27.9828 12.4262 being
120.238 167.327 42.5683 12.4262 wrecked
165.085 167.327 18.5197 12.4262 due
185.524 167.327 10.1594 12.4262 to
197.602 167.327 47.3899 12.4262 sustained
247.271 167.327 34.0883 12.4262 release
283.278 167.327 32.9834 12.4262 effects
318.181 167.327 10.9749 12.4262 or
331.135 167.327 31.9650 12.4262 steady
365.019 167.327 46.0824 12.4262 emulsion
412.897 167.327 39.9534 12.4262 without
454.769 167.327 67.1565 12.4262 stratification.

90.1000 181.721 7.8563 12.4262 It
99.8995 181.721 8.0602 12.4262 is
109.903 181.721 45.0976 12.4262 regularly
156.943 181.721 23.3770 12.4262 used
182.623 181.721 10.3152 12.4262 as
194.881 181.721 5.7093 12.4262 a
202.533 181.721 37.3027 12.4262 matrix,
242.138 181.721 50.5429 12.4262 adhesives,
294.984 181.721 30.0460 12.4262 frame
326.973 181.721 59.3241 12.4262 ingredients,
388.600 181.721 16.2644 12.4262 the
406.807 181.721 20.9182 12.4262 film
429.669 181.721 40.6370 12.4262 creating
472.609 181.721 41.4405 12.4262 material

90.1000 196.114 10.9749 12.4262 or
103.078 196.114 10.2192 12.4262 in
115.240 196.114 16.2644 12.4262 the
133.446 196.114 40.9367 12.4262 creation
176.326 196.114 10.3753 12.4262 of
189.363 196.114 47.3897 12.4262 sustained
239.055 196.114 10.9749 12.4262 or
252.033 196.114 50.9389 12.4262 controlled
305.275 196.114 34.0881 12.4262 release
341.306 196.114 71.0417 12.4262 microcapsules
414.291 196.114 19.0110 12.4262 and
435.605 196.114 32.3127 12.4262 pellets
469.861 196.114 24.2206 12.4262 [36].

90.1000 225.021 24.2527 12.2703 7.2.2
117.231 225.021 37.5654 12.2703 Sodium
157.675 225.021 71.4748 12.2703 carboxymethyl
232.028 225.021 39.4501 12.2703 cellulose

107.100 253.687 8.0844 12.4262 It
117.583 253.687 24.0608 12.4262 used
144.402 253.687 10.5431 12.4262 as
157.344 253.687 12.7021 12.4262 an
172.445 253.687 47.6767 12.4262 emulsion
222.521 253.687 47.7979 12.4262 stabilizer
272.778 253.687 10.4471 12.4262 in
285.624 253.687 54.0455 12.4262 injections,
342.428 253.687 46.3585 12.4262 adhesion
391.186 253.687 19.4671 12.4262 and
413.411 253.687 68.4508 12.4262 film-forming

90.1000 268.081 47.8699 12.4262 materials
140.248 268.081 31.7612 12.4262 which
174.408 268.081 23.8329 12.4262 have
200.640 268.081 36.0779 12.4262 proved
239.477 268.081 10.3872 12.4262 to
252.263 268.081 12.3782 12.4262 be
267.040 268.081 44.6313 12.4262 effective
314.071 268.081 10.4471 12.4262 in
326.917 268.081 57.0923 12.4262 controlling
386.648 268.081 36.0074 12.4262 wound
425.414 268.081 51.7064 12.4262 infections
479.519 268.081 19.4671 12.4262 and
501.745 268.081 18.2675 12.4262 can

90.1000 282.474 34.6877 12.4262 reduce
127.186 282.474 70.4175 12.4262 postoperative
200.003 282.474 40.3731 12.4262 oedema
242.775 282.474 19.4671 12.4262 and
264.880 282.474 36.0074 12.4262 wound
303.647 282.474 59.6350 12.4262 stimulation
365.680 282.474 64.2782 12.4262 phenomena.
432.717 282.474 38.5020 12.4262 Animal
473.978 282.474 37.3497 12.4262 experi-

90.1000 296.868 31.8215 12.4262 ments
124.320 296.868 23.8329 12.4262 have
150.552 296.868 34.2202 12.4262 shown
187.171 296.868 20.9061 12.4262 that
210.476 296.868 38.6699 12.4262 sodium
251.544 296.868 78.0942 12.4262 carboxymethyl
332.396 296.868 44.7151 12.4262 cellulose
379.510 296.868 8.2881 12.4262 is
390.197 296.868 5.7093 12.4262 a
398.305 296.868 20.3665 12.4262 safe
421.071 296.868 19.4671 12.4262 and
443.297 296.868 38.3688 12.4262 reliable
484.064 296.868 34.9159 12.4262 carrier

90.1000 311.261 10.6030 12.4262 of
103.821 311.261 54.2615 12.4262 anticancer
160.543 311.261 29.5652 12.4262 drugs
192.507 311.261 24.6127 12.4262 [37].

90.1000 340.168 23.7369 12.2703 7.2.3
116.715 340.168 65.1648 12.2703 Hydroxyethyl
184.759 340.168 39.4501 12.2703 cellulose

107.100 368.834 10.9029 12.4262 In
120.401 368.834 14.5130 12.4262 ice
137.313 368.834 35.5755 12.4262 cream,
175.647 368.834 33.6913 12.4262 frozen
211.738 368.834 23.7249 12.4262 milk
237.981 368.834 36.9065 12.4262 drinks,
277.646 368.834 7.6884 12.4262 it
287.734 368.834 8.2881 12.4262 is
298.421 368.834 31.4357 12.4262 added
332.615 368.834 10.5431 12.4262 as
345.557 368.834 5.7093 12.4262 a
353.665 368.834 47.7979 12.4262 stabilizer
403.922 368.834 10.3872 12.4262 to
416.709 368.834 35.4314 12.4262 extend
454.899 368.834 16.7204 12.4262 the
474.018 368.834 37.2543 12.4262 storage

90.1000 383.228 16.5764 12.4262 life
109.075 383.228 19.4671 12.4262 and
131.301 383.228 43.0710 12.4262 improve
176.771 383.228 16.7201 12.4262 the
195.890 383.228 46.0227 12.4262 overflow
244.312 383.228 47.8683 12.4262 property.
294.939 383.228 8.0844 12.4262 It
305.422 383.228 8.2881 12.4262 is
316.109 383.228 20.2465 12.4262 also
338.755 383.228 24.0608 12.4262 used
365.574 383.228 10.5431 12.4262 as
378.516 383.228 16.7200 12.4262 the
397.634 383.228 47.7979 12.4262 stabilizer
447.891 383.228 10.6032 12.4262 of
461.613 383.228 22.7534 12.4262 beer
486.825 383.228 29.7819 12.4262 foam.

90.1000 412.134 24.7325 12.2703 7.2.4
117.711 412.134 23.4477 12.2703 Food

107.100 440.801 21.4338 12.4262 Due
130.932 440.801 10.3872 12.4262 to
143.719 440.801 12.4140 12.4262 its
158.531 440.801 36.0301 12.4262 unique
196.961 440.801 42.0761 12.4262 physical
241.795 440.801 19.4668 12.4262 and
264.021 440.801 46.2628 12.4262 chemical
313.042 440.801 53.3738 12.4262 properties
368.815 440.801 19.4671 12.4262 and
391.041 440.801 12.4144 12.4262 its
405.854 440.801 52.3915 12.4262 behaviour
460.704 440.801 10.4471 12.4262 in
473.430 440.801 31.8199 12.4262 water,

90.1000 455.194 7.6884 12.4262 it
100.187 455.194 8.2881 12.4262 is
110.874 455.194 28.9187 12.4262 today
142.191 455.194 28.8932 12.4262 being
173.843 455.194 62.7423 12.4262 increasingly
238.984 455.194 24.0608 12.4262 used
265.804 455.194 5.7093 12.4262 a
273.911 455.194 23.6528 12.4262 food
300.322 455.194 41.8365 12.4262 additive
344.558 455.194 10.3872 12.4262 to
357.344 455.194 43.0707 12.4262 improve
402.814 455.194 16.7200 12.4262 the
421.933 455.194 23.3891 12.4262 bulk
447.841 455.194 19.4671 12.4262 and
470.067 455.194 24.9004 12.4262 fibre

90.1000 469.588 39.4616 12.4262 content
131.960 469.588 10.6032 12.4262 of
145.682 469.588 28.4865 12.4262 foods
176.446 469.588 41.3206 12.4262 without
220.166 469.588 35.1557 12.4262 having
258.080 469.588 5.7093 12.4262 a
266.188 469.588 30.3817 12.4262 major
299.029 469.588 35.8857 12.4262 impact
337.313 469.588 13.3618 12.4262 on
353.074 469.588 16.7200 12.4262 the
372.193 469.588 37.0748 12.4262 flavour
411.726 469.588 10.6032 12.4262 of
425.448 469.588 16.7200 12.4262 the
444.567 469.588 26.8421 12.4262 food.
474.168 469.588 27.6710 12.4262 Since

90.1000 483.981 7.6884 12.4262 it
100.187 483.981 8.2881 12.4262 is
110.874 483.981 60.4028 12.4262 indigestible
173.676 483.981 12.8699 12.4262 by
188.944 483.981 44.8830 12.4262 humans,
236.586 483.981 7.6884 12.4262 it
246.673 483.981 17.3919 12.4262 has
266.464 483.981 13.3259 12.4262 no
282.189 483.981 34.7948 12.4262 caloric
319.263 483.981 27.7670 12.4262 value
349.429 483.981 19.4671 12.4262 and
371.654 483.981 8.2881 12.4262 is
382.342 483.981 22.7294 12.4262 thus
407.470 483.981 24.0608 12.4262 used
434.289 483.981 10.4471 12.4262 in
447.134 483.981 47.3422 12.4262 excessive

90.1000 498.374 45.0867 12.4262 amounts
137.585 498.374 10.4471 12.4262 in
150.431 498.374 20.1626 12.4262 diet
172.992 498.374 28.4865 12.4262 foods
203.877 498.374 10.3872 12.4262 to
216.663 498.374 31.1735 12.4262 create
250.236 498.374 5.7093 12.4262 a
258.344 498.374 48.8894 12.4262 sensation
309.631 498.374 10.6032 12.4262 of
323.353 498.374 40.1936 12.4262 fullness
365.945 498.374 24.0608 12.4262 both
392.405 498.374 42.0761 12.4262 physical
437.239 498.374 19.4668 12.4262 and
459.465 498.374 56.3009 12.4262 physiology

90.1000 512.768 41.3206 12.4262 without
133.819 512.768 35.1557 12.4262 having
171.733 512.768 53.1817 12.4262 consumed
227.674 512.768 16.7562 12.4262 too
246.829 512.768 29.2304 12.4262 many
278.458 512.768 42.6269 12.4262 calories.
323.844 512.768 8.0844 12.4262 It
334.327 512.768 8.2881 12.4262 is
345.014 512.768 20.2465 12.4262 also
367.539 512.768 34.8555 12.4262 widely
404.794 512.768 24.0596 12.4262 used
431.612 512.768 12.7021 12.4262 an
446.713 512.768 52.6194 12.4262 emulsifier
501.791 512.768 19.4671 12.4262 and

90.1000 527.161 5.7093 12.4262 a
98.2083 527.161 55.3778 12.4262 thickening
156.344 527.161 28.2947 12.4262 agent
187.038 527.161 10.4471 12.4262 in
199.763 527.161 45.5428 12.4262 whipped
248.064 527.161 35.5754 12.4262 cream,
286.398 527.161 32.8034 12.4262 sauces
321.601 527.161 19.4671 12.4262 and
343.826 527.161 14.5129 12.4262 ice
360.738 527.161 32.0012 12.4262 cream
395.139 527.161 24.7565 12.4262 [38].

90.1000 555.960 13.7214 12.4982 7.3
106.028 555.960 61.5437 12.4982 Biomedical
169.779 555.960 20.5691 12.4982 and
192.555 555.960 85.4720 12.4982 pharmaceutical
280.234 555.960 66.9038 12.4982 applications
349.344 555.960 11.5266 12.4982 of
363.078 555.960 47.7375 12.4982 cellulose

107.100 584.735 50.8320 12.4262 Cellulose,
160.570 584.735 24.0008 12.4262 with
186.969 584.735 12.4140 12.4262 its
201.782 584.735 56.7095 12.4262 properties,
261.250 584.735 10.5431 12.4262 as
274.192 584.735 49.4876 12.4262 discussed
326.438 584.735 10.4471 12.4262 in
339.284 584.735 45.0029 12.4262 previous
386.686 584.735 41.9792 12.4262 sections
431.064 584.735 10.6032 12.4262 of
444.786 584.735 19.3710 12.4262 this
466.556 584.735 34.4598 12.4262 manu-

90.1000 599.128 33.3205 12.4262 script,
126.179 599.128 8.2881 12.4262 is
136.866 599.128 58.0397 12.4262 extensively
197.304 599.128 24.0608 12.4262 used
224.124 599.128 10.4471 12.4262 in
236.970 599.128 16.7200 12.4262 the
256.089 599.128 23.5796 12.4262 field
282.427 599.128 10.6031 12.4262 of
296.149 599.128 64.3499 12.4262 biomedicine
362.898 599.128 19.4659 12.4262 and
385.122 599.128 87.9427 12.4262 pharmaceuticals.
475.464 599.128 20.3307 12.4262 The
498.194 599.128 20.9291 12.4262 cost

90.1000 613.521 10.6030 12.4262 of
103.821 613.521 35.8275 12.4262 several
142.407 613.521 80.1571 12.4262 pharmaceutical
225.323 613.521 45.7824 12.4262 products
273.504 613.521 8.2881 12.4262 is
284.191 613.521 52.1627 12.4262 extremely
338.753 613.521 23.1611 12.4262 high
364.313 613.521 18.9751 12.4262 due
385.687 613.521 10.3872 12.4262 to
398.473 613.521 57.8713 12.4262 production
458.743 613.521 35.5151 12.4262 factors
496.657 613.521 23.7728 12.4262 such

90.1000 627.915 10.5431 12.4262 as
103.041 627.915 23.1611 12.4262 high
128.601 627.915 24.5046 12.4262 cost,
155.865 627.915 48.8637 12.4262 difficulty
207.127 627.915 10.4471 12.4262 in
219.973 627.915 51.5747 12.4262 procuring
274.307 627.915 16.7204 12.4262 the
293.426 627.915 46.6104 12.4262 material,
342.795 627.915 63.1370 12.4262 complicated
408.691 627.915 54.9466 12.4262 processing
466.396 627.915 26.2077 12.4262 steps
495.003 627.915 18.4475 12.4262 etc.

90.1000 642.308 30.7179 12.4262 These
123.216 642.308 48.5049 12.4262 problems
174.120 642.308 18.2675 12.4262 can
194.785 642.308 12.3782 12.4262 be
209.562 642.308 48.9013 12.4262 remedied
261.223 642.308 12.8698 12.4262 by
276.491 642.308 16.7200 12.4262 the
295.609 642.308 17.3199 12.4262 use
315.328 642.308 10.6032 12.4262 of
329.049 642.308 48.0494 12.4262 cellulose,
379.738 642.308 31.7612 12.4262 which
413.898 642.308 8.2881 12.4262 is
424.585 642.308 31.0533 12.4262 found
458.397 642.308 59.4309 12.4262 abundantly

90.1000 656.702 10.4471 12.4262 in
102.946 656.702 37.0149 12.4262 nature.
142.359 656.702 20.3295 12.4262 The
165.088 656.702 25.8240 12.4262 most
193.311 656.702 56.0617 12.4262 productive
251.772 656.702 17.3199 12.4262 use
271.489 656.702 10.6032 12.4262 of
285.211 656.702 44.7152 12.4262 cellulose
332.205 656.702 32.3850 12.4262 would
367.349 656.702 12.3782 12.4262 be
382.125 656.702 16.7200 12.4262 the
401.244 656.702 53.7831 12.4262 utilization
457.426 656.702 10.6032 12.4262 of
471.147 656.702 26.9022 12.4262 plant

90.1000 671.095 29.6621 12.4262 based
122.400 671.095 29.5658 12.4262 waste
154.365 671.095 47.8686 12.4262 materials
204.512 671.095 31.7612 12.4262 which
238.672 671.095 16.0364 12.4262 are
257.108 671.095 48.9845 12.4262 produced
308.851 671.095 10.4471 12.4262 in
321.697 671.095 23.3891 12.4262 bulk
347.604 671.095 12.8699 12.4262 by
362.872 671.095 29.2304 12.4262 many
394.502 671.095 51.6959 12.4262 industries
448.596 671.095 23.7717 12.4262 such
474.767 671.095 10.5431 12.4262 as
487.709 671.095 16.7200 12.4262 the

90.1000 685.488 28.2950 12.4262 sugar
120.853 685.488 57.8714 12.4262 production
181.124 685.488 44.3432 12.4262 industry
227.866 685.488 10.5431 12.4262 as
240.688 685.488 21.3141 12.4262 well
264.760 685.488 10.5431 12.4262 as
277.702 685.488 10.4471 12.4262 in
290.547 685.488 32.0131 12.4262 minor
325.019 685.488 51.6361 12.4262 quantities
379.054 685.488 12.8699 12.4262 by
394.323 685.488 61.4460 12.4262 households.
458.168 685.488 20.3307 12.4262 The
480.898 685.488 30.5975 12.4262 appli-

90.1000 699.882 36.9906 12.4262 cations
129.489 699.882 59.1442 12.4262 highlighted
191.392 699.882 31.2441 12.4262 below
225.035 699.882 28.7627 12.4262 could
256.556 699.882 12.3782 12.4262 be
271.333 699.882 41.5365 12.4262 brought
315.268 699.882 10.3872 12.4262 to
328.054 699.882 62.0589 12.4262 mainstream
392.511 699.882 60.8481 12.4262 commercial
456.117 699.882 17.3199 12.4262 use
475.716 699.882 24.0008 12.4262 with
502.114 699.882 16.7212 12.4262 the

90.1000 714.275 60.7520 12.4262 appropriate
153.249 714.275 67.2647 12.4262 optimization
222.913 714.275 55.7377 12.4262 techniques
281.048 714.275 19.4682 12.4262 and
303.275 714.275 28.0779 12.4262 novel
334.112 714.275 71.7614 12.4262 modifications
408.273 714.275 10.3872 12.4262 to
421.058 714.275 16.7212 12.4262 the
440.057 714.275 38.4422 12.4262 various
480.898 714.275 26.2078 12.4262 steps
509.505 714.275 10.6032 12.4262 of

90.1000 728.669 16.7202 12.4262 the
109.219 728.669 57.8714 12.4262 production
169.489 728.669 19.4671 12.4262 and
191.715 728.669 54.9465 12.4262 processing
249.420 728.669 10.6020 12.4262 of
263.140 728.669 48.0014 12.4262 cellulosic
313.541 728.669 46.2266 12.4262 material.

90.1000 757.575 22.5735 12.2703 7.3.1
115.552 757.575 43.3112 12.2703 Cellulose
161.742 757.575 9.9673 12.2703 in
174.587 757.575 34.6997 12.2703 coating
212.166 757.575 9.2717 12.2703 of
225.046 757.575 22.2858 12.2703 solid
250.211 757.575 31.1972 12.2703 dosage
284.287 757.575 27.2383 12.2703 forms
314.284 757.575 19.1072 12.2703 and
336.270 757.575 72.2773 12.2703 compressibility
411.426 757.575 48.1085 12.2703 enhancers

107.100 786.242 25.9678 12.4262 Solid
135.658 786.242 34.7356 12.4262 dosage
172.625 786.242 30.1542 12.4262 forms
205.010 786.242 48.3970 12.4262 including
255.998 786.242 24.6724 12.4262 pills,
283.261 786.242 37.1344 12.4262 tablets,
322.986 786.242 46.7672 12.4262 granules,
372.344 786.242 36.4266 12.4262 pellets,
411.361 786.242 72.7726 12.4262 microcapsules
486.365 786.242 19.2990 12.4262 and

90.1000 800.635 48.7214 12.4262 spherules
141.052 800.635 18.0995 12.4262 can
161.382 800.635 12.2943 12.4262 be
175.908 800.635 36.9065 12.4262 coated,
215.405 800.635 36.6789 12.4262 usually
254.195 800.635 23.7489 12.4262 with
280.174 800.635 16.5524 12.4262 the
298.958 800.635 19.3949 12.4262 aim
320.584 800.635 10.3032 12.4262 to
333.118 800.635 36.7865 12.4262 protect
372.136 800.635 16.5524 12.4262 the
390.919 800.635 24.4807 12.4262 drug
417.991 800.635 25.6320 12.4262 from
445.854 800.635 38.4545 12.4262 adverse

90.1000 815.029 75.1568 12.4262 environmental
167.847 815.029 35.0111 12.4262 factors
205.089 815.029 23.5208 12.4262 such
230.841 815.029 10.4591 12.4262 as
243.531 815.029 50.0525 12.4262 humidity,
296.174 815.029 40.4452 12.4262 oxygen,
339.210 815.029 53.3030 12.4262 enzymatic
394.744 815.029 11.1188 12.4262 or
408.154 815.029 29.9022 12.4262 acidic
440.287 815.029 64.5420 12.4262 degradation.

90.1000 848.115 9.2501 9.9986 15

90.1000 24.9644 13.4397 11.0433 An
106.130 24.9644 32.5905 11.0433 Update
141.311 24.9644 10.8274 11.0433 on
154.730 24.9644 42.7789 11.0433 Overview
200.099 24.9644 8.3445 11.0433 of
211.693 24.9644 41.7871 11.0433 Cellulose,
256.071 24.9644 10.4710 11.0433 Its
269.133 24.9644 40.9326 11.0433 Structure
312.548 24.9644 17.1966 11.0433 and
332.336 24.9644 55.6918 11.0433 Applications

90.1000 38.1582 22.3025 11.0433 DOI:
115.371 38.1582 186.319 11.0433 http://dx.doi.org/10.5772/intechopen.84727

90.1000 66.5745 40.4331 12.4262 Coating
133.123 66.5745 21.9619 12.4262 may
157.316 66.5745 19.9947 12.4262 also
179.542 66.5745 12.2943 12.4262 be
194.067 66.5745 23.8088 12.4262 used
220.467 66.5745 10.3031 12.4262 to
233.001 66.5745 44.4031 12.4262 facilitate
279.635 66.5745 24.4807 12.4262 drug
306.707 66.5745 41.2849 12.4262 delivery
350.222 66.5745 40.1088 12.4262 systems
392.442 66.5745 23.7489 12.4262 with
418.422 66.5745 35.3232 12.4262 altered
456.336 66.5745 34.9518 12.4262 release

90.1000 80.9679 63.6780 12.4262 mechanisms
156.008 80.9679 23.5208 12.4262 such
181.760 80.9679 10.4591 12.4262 as
194.450 80.9679 38.9576 12.4262 delayed
235.999 80.9679 38.2036 12.4262 release,
276.793 80.9679 47.1375 12.4262 extended
326.521 80.9679 38.2036 12.4262 release,
367.316 80.9679 63.0326 12.4262 step-by-step
432.578 80.9679 38.2018 12.4262 release,
473.371 80.9679 43.4318 12.4262 pulsatile

90.1000 95.3613 34.9516 12.4262 release
127.282 95.3613 19.2991 12.4262 and
149.172 95.3613 48.5410 12.4262 sustained
200.304 95.3613 37.8183 12.4262 release.
240.713 95.3613 57.9702 12.4262 Derivatives
300.914 95.3613 10.5180 12.4262 of
314.382 95.3613 44.0434 12.4262 cellulose
360.657 95.3613 23.5197 12.4262 such
386.409 95.3613 10.4591 12.4262 as
399.099 95.3613 29.1460 12.4262 esters
430.476 95.3613 19.2990 12.4262 and
452.365 95.3613 31.4135 12.4262 ethers
486.010 95.3613 15.8685 12.4262 are

90.1000 109.754 19.9947 12.4262 also
112.325 109.754 57.2013 12.4262 extensively
171.757 109.754 23.8088 12.4262 used
198.157 109.754 10.4591 12.4262 as
210.847 109.754 37.6505 12.4262 coating
251.088 109.754 50.0651 12.4262 materials.
303.744 109.754 10.8188 12.4262 In
316.794 109.754 16.5536 12.4262 the
335.577 109.754 37.9264 12.4262 process
375.734 109.754 10.5192 12.4262 of
389.204 109.754 24.3965 12.4262 solid
416.192 109.754 34.7356 12.4262 dosage
453.158 109.754 25.4643 12.4262 form
480.854 109.754 34.1218 12.4262 manu-

90.1000 124.148 36.5951 12.4262 facture
128.926 124.148 12.7859 12.4262 by
143.942 124.148 30.0338 12.4262 direct
176.206 124.148 68.1775 12.4262 compression,
246.974 124.148 5.7093 12.4262 a
254.915 124.148 43.2278 12.4262 problem
300.373 124.148 20.6557 12.4262 that
323.259 124.148 53.4842 12.4262 frequently
378.974 124.148 33.2858 12.4262 occurs
414.492 124.148 8.2042 12.4262 is
424.927 124.148 18.7950 12.4262 low
445.953 124.148 76.2375 12.4262 compactability

90.1000 138.541 10.5190 12.4262 of
103.569 138.541 16.5525 12.4262 the
122.353 138.541 27.7311 12.4262 drug,
152.675 138.541 19.1191 12.4262 this
174.025 138.541 8.2042 12.4262 is
184.460 138.541 26.7837 12.4262 more
213.475 138.541 22.7894 12.4262 seen
238.495 138.541 26.7837 12.4262 more
267.509 138.541 53.4830 12.4262 frequently
323.103 138.541 28.3790 12.4262 when
353.713 138.541 16.5524 12.4262 the
372.497 138.541 39.9415 12.4262 amount
414.669 138.541 10.5192 12.4262 of
428.139 138.541 24.4807 12.4262 drug
455.210 138.541 10.3632 12.4262 in
467.804 138.541 16.5525 12.4262 the
486.588 138.541 19.6795 12.4262 for-

90.1000 152.934 46.4783 12.4262 mulation
138.809 152.934 39.5332 12.4262 exceeds
180.573 152.934 26.6274 12.4262 30%.
209.791 152.934 29.5062 12.4262 Many
241.528 152.934 44.8951 12.4262 attempts
288.654 152.934 15.8685 12.4262 are
306.754 152.934 28.5588 12.4262 being
337.903 152.934 28.0429 12.4262 made
368.177 152.934 10.3032 12.4262 to
380.712 152.934 34.2676 12.4262 reduce
417.210 152.934 16.5525 12.4262 the
435.994 152.934 25.8360 12.4262 price
464.061 152.934 10.5192 12.4262 of
477.531 152.934 16.5525 12.4262 the
496.314 152.934 23.5690 12.4262 final

90.1000 167.327 40.5530 12.4262 product
132.884 167.327 12.7859 12.4262 by
147.900 167.327 75.3383 12.4262 experimenting
225.710 167.327 23.7489 12.4262 with
251.569 167.327 37.9395 12.4262 various
291.740 167.327 39.9787 12.4262 starting
334.309 167.327 47.1979 12.4262 materials
383.738 167.327 19.2991 12.4262 and
405.628 167.327 18.4353 12.4262 test
426.294 167.327 54.1080 12.4262 conditions
482.633 167.327 24.2933 12.4262 [39].

90.1000 196.234 23.7369 12.2703 7.3.2
116.715 196.234 43.3110 12.2703 Cellulose
162.905 196.234 9.9673 12.2703 in
175.751 196.234 22.4533 12.2703 drug
201.083 196.234 38.6809 12.2703 delivery

107.100 224.901 27.5991 12.4262 From
136.738 224.901 16.3605 12.4262 the
155.137 224.901 34.0027 12.4262 advent
191.179 224.901 10.4230 12.4262 of
204.360 224.901 27.3594 12.4262 novel
234.119 224.901 24.1925 12.4262 drug
260.710 224.901 40.6118 12.4262 delivery
303.361 224.901 42.6887 12.4262 systems,
348.449 224.901 43.2758 12.4262 cellulose
393.763 224.901 28.9426 12.4262 based
425.105 224.901 36.2353 12.4262 models
463.379 224.901 37.9262 12.4262 seemed

90.1000 239.294 18.2674 12.4262 like
110.406 239.294 32.3008 12.4262 strong
145.106 239.294 53.6627 12.4262 candidates
200.808 239.294 18.6152 12.4262 due
221.462 239.294 10.2074 12.4262 to
233.708 239.294 24.2888 12.4262 their
260.096 239.294 47.2465 12.4262 projected
309.741 239.294 43.1558 12.4262 benefits.
355.296 239.294 26.9514 12.4262 Since
384.285 239.294 23.1013 12.4262 then
409.307 239.294 37.3614 12.4262 various
448.708 239.294 45.6864 12.4262 advances

90.1000 253.688 23.2932 12.4262 have
115.432 253.688 24.3725 12.4262 been
141.843 253.688 27.7554 12.4262 made
171.517 253.688 23.4610 12.4262 with
197.017 253.688 16.3605 12.4262 the
215.416 253.688 19.2030 12.4262 aim
236.659 253.688 10.2074 12.4262 to
248.905 253.688 27.3594 12.4262 bring
278.663 253.688 12.0555 12.4262 its
292.757 253.688 16.9601 12.4262 use
311.756 253.688 10.2074 12.4262 to
324.002 253.688 44.8951 12.4262 common
370.937 253.688 43.0467 12.4262 practice.
416.022 253.688 29.8658 12.4262 There
447.927 253.688 15.6765 12.4262 are
465.643 253.688 18.5192 12.4262 still
486.561 253.688 28.6894 12.4262 many

90.1000 268.081 37.7582 12.4262 hurdles
129.897 268.081 10.2074 12.4262 to
142.143 268.081 25.4763 12.4262 cross
169.659 268.081 32.1686 12.4262 before
203.867 268.081 18.8312 12.4262 this
224.737 268.081 43.8032 12.4262 becomes
270.579 268.081 5.7093 12.4262 a
278.328 268.081 34.1358 12.4262 reality.
314.862 268.081 46.0584 12.4262 Cellulose
362.960 268.081 28.9426 12.4262 based
394.301 268.081 24.1925 12.4262 drug
420.892 268.081 40.6130 12.4262 delivery
463.545 268.081 8.1082 12.4262 is
473.693 268.081 12.5222 12.4262 an

90.1000 282.474 51.5284 12.4262 important
143.666 282.474 20.8353 12.4262 step
166.540 282.474 10.2672 12.4262 in
178.846 282.474 28.3310 12.4262 green
209.217 282.474 19.1071 12.4262 and
230.723 282.474 56.3139 12.4262 sustainable
289.076 282.474 50.7840 12.4262 pharmacy
341.779 282.474 31.0417 12.4262 which
374.860 282.474 37.0025 12.4262 focuses
413.901 282.474 13.1818 12.4262 on
429.122 282.474 38.2864 12.4262 toxicity
469.448 282.474 52.2704 12.4262 reduction,

90.1000 296.868 82.6291 12.4262 biodegradability
174.768 296.868 19.1071 12.4262 and
196.274 296.868 17.9554 12.4262 less
216.268 296.868 52.1280 12.4262 hazardous
270.435 296.868 46.4784 12.4262 synthesis
318.833 296.868 23.4610 12.4262 with
344.333 296.868 36.3059 12.4262 respect
382.678 296.868 10.2074 12.4262 to
394.924 296.868 28.8466 12.4262 drugs
425.810 296.868 19.1071 12.4262 and
447.316 296.868 24.1914 12.4262 drug
473.906 296.868 40.6130 12.4262 delivery

90.1000 311.261 42.3048 12.4262 systems.
134.803 311.261 8.6120 12.4262 A
145.694 311.261 22.4536 12.4262 very
170.187 311.261 24.2647 12.4262 brief
197.210 311.261 46.6342 12.4262 overview
245.884 311.261 10.4218 12.4262 of
259.064 311.261 16.3605 12.4262 the
277.463 311.261 41.4888 12.4262 primary
320.872 311.261 25.0684 12.4262 ways
347.979 311.261 10.2672 12.4262 in
360.166 311.261 31.0405 12.4262 which
393.245 311.261 7.5085 12.4262 it
402.793 311.261 8.1082 12.4262 is
412.940 311.261 23.5212 12.4262 used
438.860 311.261 8.1082 12.4262 is
449.007 311.261 45.4351 12.4262 provided
496.841 311.261 24.9739 12.4262 here.

90.1000 325.655 46.0584 12.4262 Cellulose
138.197 325.655 63.6308 12.4262 nanocrystals
203.867 325.655 39.7136 12.4262 (CNCs)
245.979 325.655 23.2931 12.4262 have
271.312 325.655 16.3605 12.4262 the
289.711 325.655 44.9548 12.4262 potential
337.065 325.655 10.2074 12.4262 to
349.311 325.655 36.9546 12.4262 acquire
388.305 325.655 5.7093 12.4262 a
396.053 325.655 42.3053 12.4262 negative
440.398 325.655 33.4886 12.4262 charge
475.925 325.655 33.9445 12.4262 during

90.1000 340.048 53.9993 12.4262 hydrolysis.
146.138 340.048 22.4415 12.4262 This
170.617 340.048 39.9051 12.4262 coupled
212.801 340.048 23.4610 12.4262 with
238.302 340.048 24.2888 12.4262 their
264.689 340.048 24.7085 12.4262 large
291.436 340.048 36.4401 12.4262 surface
329.914 340.048 21.2060 12.4262 area
353.158 340.048 27.2874 12.4262 allow
382.485 340.048 26.5078 12.4262 them
411.032 340.048 10.2074 12.4262 to
423.278 340.048 23.3782 12.4262 bind
449.055 340.048 46.0225 12.4262 ionizable

90.1000 354.441 28.8465 12.4262 drugs
120.985 354.441 23.2320 12.4262 such
146.257 354.441 10.3632 12.4262 as
158.660 354.441 58.8580 12.4262 tetracycline
219.557 354.441 19.1071 12.4262 and
241.063 354.441 61.2781 12.4262 doxorubicin
304.380 354.441 54.4542 12.4262 permitting
361.233 354.441 47.2701 12.4262 optimum
410.542 354.441 33.5004 12.4262 dosing
446.441 354.441 39.1736 12.4262 control.
488.014 354.441 23.3651 12.4262 Sites

90.1000 368.835 14.9568 12.4262 for
107.155 368.835 36.4389 12.4262 surface
145.633 368.835 64.9978 12.4262 modification
212.670 368.835 14.9569 12.4262 for
229.726 368.835 42.6884 12.4262 multiple
274.453 368.835 49.6555 12.4262 chemicals
326.148 368.835 15.6765 12.4262 are
343.864 368.835 45.4351 12.4262 provided
391.698 368.835 12.6902 12.4262 by
406.427 368.835 16.3605 12.4262 the
424.827 368.835 50.1112 12.4262 multitude
476.977 368.835 10.4230 12.4262 of
490.158 368.835 20.5590 12.4262 sur-

90.1000 383.228 20.4983 12.4262 face
112.637 383.228 44.9301 12.4262 hydroxyl
159.966 383.228 37.4101 12.4262 groups.
199.415 383.228 22.4415 12.4262 This
223.896 383.228 8.1082 12.4262 is
234.043 383.228 23.5212 12.4262 used
259.963 383.228 10.2672 12.4262 in
272.269 383.228 21.2421 12.4262 case
295.551 383.228 10.4230 12.4262 of
308.732 383.228 61.5679 12.4262 non-ionized
372.699 383.228 11.0229 12.4262 or
385.821 383.228 64.0145 12.4262 hydrophobic
451.874 383.228 28.8466 12.4262 drugs
482.640 383.228 31.0417 12.4262 which

90.1000 397.622 12.8702 12.4262 do
105.009 397.622 17.1044 12.4262 not
124.152 397.622 46.1669 12.4262 generally
172.358 397.622 23.3770 12.4262 bind
198.134 397.622 10.2072 12.4262 to
210.380 397.622 46.0467 12.4262 cellulose.
258.466 397.622 19.9705 12.4262 The
280.476 397.622 25.2244 12.4262 open
307.739 397.622 22.9574 12.4262 pore
332.736 397.622 46.4292 12.4262 structure
381.204 397.622 19.1071 12.4262 and
402.710 397.622 22.6213 12.4262 high
427.370 397.622 36.4390 12.4262 surface
465.847 397.622 21.2059 12.4262 area
489.092 397.622 10.4230 12.4262 of

90.1000 412.015 25.2242 12.4262 CNC
117.723 412.015 28.9424 12.4262 based
149.064 412.015 40.6251 12.4262 aerogels
191.728 412.015 38.8741 12.4262 provide
232.641 412.015 47.7375 12.4262 increased
282.777 412.015 24.1925 12.4262 drug
309.369 412.015 37.4825 12.4262 loading
349.250 412.015 41.7885 12.4262 capacity
393.078 412.015 19.1071 12.4262 and
414.584 412.015 24.1925 12.4262 drug
441.175 412.015 73.1536 12.4262 bioavailability.

90.1000 426.408 52.4398 12.4262 Extremely
144.577 426.408 34.9398 12.4262 porous
181.556 426.408 35.9711 12.4262 aerogel
219.926 426.408 44.4753 12.4262 scaffolds
266.321 426.408 24.4565 12.4262 were
292.816 426.408 43.7437 12.4262 reported
338.959 426.408 10.2072 12.4262 to
351.205 426.408 29.2314 12.4262 attain
382.476 426.408 47.7742 12.4262 sustained
432.649 426.408 24.1925 12.4262 drug
459.240 426.408 34.3761 12.4262 release
495.655 426.408 25.1860 12.4262 [40].

107.100 440.801 47.4977 12.4262 Cellulose
156.996 440.801 56.3729 12.4262 derivatives
215.768 440.801 23.8329 12.4262 have
242.000 440.801 20.2465 12.4262 also
264.645 440.801 24.9125 12.4262 been
291.957 440.801 55.7497 12.4262 researched
350.465 440.801 10.4471 12.4262 in
363.311 440.801 29.6265 12.4262 terms
395.336 440.801 10.6017 12.4262 of
409.056 440.801 24.7326 12.4262 drug
436.548 440.801 43.8640 12.4262 delivery.
483.170 440.801 17.6785 12.4262 For

90.1002 455.195 46.4659 12.4262 instance,
139.324 455.195 44.7150 12.4262 cellulose
186.437 455.195 36.0907 12.4262 acetate
224.927 455.195 17.3919 12.4262 has
244.718 455.195 24.9125 12.4262 been
272.029 455.195 61.9509 12.4262 successfully
336.379 455.195 24.0608 12.4262 used
363.198 455.195 10.4471 12.4262 in
376.044 455.195 35.8260 12.4262 several
414.629 455.195 22.1657 12.4262 HIV
439.553 455.195 32.9003 12.4262 drugs,
475.212 455.195 19.4191 12.4262 five

90.1002 469.588 57.1776 12.4262 flavonoids,
150.036 469.588 18.9992 12.4262 one
171.433 469.588 22.8372 12.4262 pain
196.669 469.588 39.0538 12.4262 reliever
238.182 469.588 19.4671 12.4262 and
260.408 469.588 19.6707 12.4262 two
282.478 469.588 54.7531 12.4262 antibiotics
339.630 469.588 35.4795 12.4262 among
377.868 469.588 35.3836 12.4262 others.
416.010 469.588 79.7615 12.4262 Hydroxypropyl

90.1002 483.982 80.9745 12.4262 methylcellulose
173.472 483.982 17.3919 12.4262 has
193.263 483.982 24.9125 12.4262 been
220.574 483.982 24.0608 12.4262 used
247.393 483.982 10.4471 12.4262 in
260.239 483.982 20.1627 12.4262 oral
283.161 483.982 24.7325 12.4262 drug
310.652 483.982 41.8713 12.4262 delivery
354.922 483.982 67.1685 12.4262 formulations
424.490 483.982 24.2535 12.4262 [41].

90.1003 512.888 23.2212 12.2703 7.3.3
116.200 512.888 43.3112 12.2703 Cellulose
162.389 512.888 9.9673 12.2703 in
175.235 512.888 51.9465 12.2703 scaffolding

107.100 541.555 47.4857 12.4262 Scaffolds
156.985 541.555 16.0365 12.4262 are
175.420 541.555 47.8683 12.4262 materials
225.687 541.555 20.9061 12.4262 that
248.992 541.555 23.8329 12.4262 have
275.224 541.555 24.9125 12.4262 been
302.535 541.555 57.3571 12.4262 engineered
362.651 541.555 10.3872 12.4262 to
375.437 541.555 28.3416 12.4262 cause
406.178 541.555 46.5501 12.4262 desirable
455.127 541.555 38.3821 12.4262 cellular

90.1003 555.948 61.7948 12.4262 interactions
154.293 555.948 10.3872 12.4262 to
167.080 555.948 54.4055 12.4262 contribute
223.884 555.948 10.3872 12.4262 to
236.670 555.948 16.7200 12.4262 the
255.790 555.948 52.3554 12.4262 formation
310.544 555.948 10.6032 12.4262 of
324.265 555.948 21.9845 12.4262 new
348.649 555.948 54.0707 12.4262 functional
405.478 555.948 34.3277 12.4262 tissues
442.205 555.948 15.3167 12.4262 for
459.980 555.948 30.8494 12.4262 medi-

90.1003 570.342 14.6092 12.4262 cal
107.468 570.342 46.8371 12.4262 purposes
156.704 570.342 12.8699 12.4262 by
171.972 570.342 50.9162 12.4262 providing
225.647 570.342 16.7204 12.4262 the
244.765 570.342 97.5862 12.4262 microenvironment
344.750 570.342 44.0541 12.4262 required
391.563 570.342 12.8698 12.4262 by
406.832 570.342 22.5255 12.4262 cells
431.756 570.342 10.3872 12.4262 to
444.543 570.342 57.6329 12.4262 proliferate,

90.1003 584.735 40.0732 12.4262 migrate
132.572 584.735 19.4671 12.4262 and
154.798 584.735 67.5280 12.4262 differentiate.
225.084 584.735 8.0844 12.4262 It
235.568 584.735 59.1205 12.4262 contributes
297.087 584.735 16.7200 12.4262 the
316.206 584.735 61.0878 12.4262 geometrical
380.053 584.735 25.5361 12.4262 basis
407.986 584.735 19.4671 12.4262 and
430.212 584.735 43.6235 12.4262 building
476.594 584.735 33.2471 12.4262 blocks

90.1003 599.129 10.3870 12.4262 to
102.886 599.129 39.9520 12.4262 provide
145.237 599.129 17.6918 12.4262 cell
165.687 599.129 61.9752 12.4262 attachment.
230.422 599.249 90.1726 12.2703 Gluconacetobacter
323.473 599.249 35.2517 12.2703 xylinus
361.484 599.129 40.5287 12.4262 sourced
404.771 599.129 70.7415 12.4262 nanocellulose
477.911 599.129 8.2881 12.4262 is
488.598 599.129 12.7021 12.4262 an

90.1003 613.522 49.0096 12.4262 emerging
141.868 613.522 59.5633 12.4262 biomaterial
204.190 613.522 15.3170 12.4262 for
221.966 613.522 19.3710 12.4262 this
243.736 613.522 45.0750 12.4262 purpose.
291.570 613.522 45.5538 12.4262 Bacterial
339.882 613.522 70.7427 12.4262 nanocellulose
413.024 613.522 17.3919 12.4262 has
432.815 613.522 5.7093 12.4262 a
440.803 613.522 22.9922 12.4262 very
466.194 613.522 23.1611 12.4262 high

90.1003 627.915 39.0180 12.4262 affinity
131.517 627.915 15.3167 12.4262 for
149.172 627.915 29.3250 12.4262 water
180.957 627.915 19.4671 12.4262 and
203.183 627.915 47.6648 12.4262 therefore
253.247 627.915 41.4764 12.4262 displays
297.122 627.915 53.3736 12.4262 properties
352.895 627.915 36.0192 12.4262 similar
391.373 627.915 10.3872 12.4262 to
404.159 627.915 27.9228 12.4262 those
434.481 627.915 10.6032 12.4262 of
448.202 627.915 50.0632 12.4262 hydrogels

90.1003 642.309 31.7612 12.4262 which
124.260 642.309 44.6670 12.4262 provides
171.325 642.309 12.7021 12.4262 an
186.426 642.309 24.8525 12.4262 ideal
214.037 642.309 67.2047 12.4262 environment
283.639 642.309 10.3884 12.4262 to
296.427 642.309 22.2963 12.4262 host
321.122 642.309 25.4762 12.4262 cells.
349.357 642.309 37.7582 12.4262 Studies
389.514 642.309 23.8329 12.4262 have
415.746 642.309 54.2852 12.4262 confirmed
472.790 642.309 20.9064 12.4262 that

90.1003 656.702 36.7628 12.4262 human
129.262 656.702 38.8978 12.4262 smooth
170.557 656.702 36.3790 12.4262 muscle
209.335 656.702 25.8601 12.4262 cells,
237.954 656.702 25.7039 12.4262 bone
266.057 656.702 42.2322 12.4262 forming
311.048 656.702 56.7076 12.4262 osteoblasts
370.154 656.702 19.4671 12.4262 and
392.380 656.702 55.0541 12.4262 fibroblasts
449.833 656.702 19.4671 12.4262 and
472.058 656.702 36.7628 12.4262 human

90.1003 671.096 56.0019 12.4262 embryonic
148.501 671.096 35.6702 12.4262 kidney
186.570 671.096 22.5255 12.4262 cells
211.494 671.096 18.2675 12.4262 can
232.160 671.096 26.4716 12.4262 grow
261.030 671.096 10.4471 12.4262 in
273.876 671.096 16.7200 12.4262 the
292.995 671.096 45.4344 12.4262 presence
340.828 671.096 10.6032 12.4262 of
354.550 671.096 44.9900 12.4262 bacterial
402.299 671.096 44.7151 12.4262 cellulose
449.413 671.096 48.8652 12.4262 scaffolds.
500.675 671.096 20.3319 12.4262 The

90.1003 685.489 26.5556 12.4262 main
119.054 685.489 48.7930 12.4262 challenge
170.245 685.489 10.4471 12.4262 in
183.091 685.489 16.7201 12.4262 the
202.210 685.489 57.8726 12.4262 production
262.480 685.489 10.6032 12.4262 of
276.202 685.489 27.1073 12.4262 these
305.708 685.489 45.9145 12.4262 scaffolds
354.022 685.489 31.2214 12.4262 seems
387.642 685.489 10.3872 12.4262 to
400.428 685.489 12.3782 12.4262 be
415.205 685.489 85.3270 12.4262 biodegradability
502.931 685.489 10.5431 12.4262 as

90.1003 699.882 16.7202 12.4262 the
109.219 699.882 48.0494 12.4262 cellulose,
160.027 699.882 16.7203 12.4262 the
179.145 699.882 40.8290 12.4262 enzyme
222.373 699.882 44.0553 12.4262 required
269.187 699.882 10.3872 12.4262 to
281.973 699.882 58.3888 12.4262 breakdown
342.760 699.882 44.7152 12.4262 cellulose
389.874 699.882 8.2881 12.4262 is
400.561 699.882 17.4639 12.4262 not
420.424 699.882 38.5740 12.4262 present
461.397 699.882 10.4471 12.4262 in
474.241 699.882 44.4992 12.4262 humans.

90.1003 714.276 22.9814 12.4262 This
115.480 714.276 45.8772 12.4262 property
163.636 714.276 19.8266 12.4262 was
185.862 714.276 45.0025 12.4262 reported
233.623 714.276 10.3872 12.4262 to
246.409 714.276 12.3782 12.4262 be
261.185 714.276 49.8845 12.4262 enhanced
313.828 714.276 12.8698 12.4262 by
329.097 714.276 49.1637 12.4262 periodate
380.659 714.276 49.4288 12.4262 oxidation
432.487 714.276 24.8174 12.4262 [42].

90.1003 743.182 24.2167 12.2703 7.3.4
117.195 743.182 43.3109 12.2703 Cellulose
163.385 743.182 9.9673 12.2703 in
176.231 743.182 53.5776 12.2703 biomedical
232.687 743.182 43.1196 12.2703 implants

107.100 771.849 24.7683 12.4262 BNC
134.627 771.849 8.2881 12.4262 is
145.314 771.849 58.3635 12.4262 specifically
206.076 771.849 77.1961 12.4262 nondegradable
285.671 771.849 30.8859 12.4262 under
319.016 771.849 67.7311 12.4262 physiological
389.506 771.849 54.8620 12.4262 conditions
446.767 771.849 19.4671 12.4262 and
468.992 771.849 17.3919 12.4262 has
488.782 771.849 24.9124 12.4262 been

90.1003 786.242 34.2203 12.4262 shown
126.719 786.242 10.3872 12.4262 to
139.505 786.242 12.3782 12.4262 be
154.283 786.242 77.1709 12.4262 biocompatible.
233.852 786.242 30.7180 12.4262 These
266.969 786.242 53.3736 12.4262 properties
322.742 786.242 37.9624 12.4262 further
363.163 786.242 35.4299 12.4262 impart
400.992 786.242 39.4974 12.4262 durable
442.888 786.242 58.9760 12.4262 mechanical

90.1003 800.636 53.3742 12.4262 properties
145.873 800.636 19.4671 12.4262 and
168.099 800.636 51.8759 12.4262 long-term
222.373 800.636 46.2628 12.4262 chemical
271.395 800.636 42.1949 12.4262 stability
315.868 800.636 31.7612 12.4262 which
350.029 800.636 28.1270 12.4262 make
380.555 800.636 7.6884 12.4262 it
390.642 800.636 12.7021 12.4262 an
405.743 800.636 41.5010 12.4262 exciting
450.003 800.636 50.5671 12.4262 candidate
502.969 800.636 15.3167 12.4262 for

90.1003 815.029 58.1246 12.4262 application
150.622 815.029 10.4471 12.4262 in
163.468 815.029 19.3710 12.4262 this
185.238 815.029 26.2679 12.4262 field:

90.1000 24.9644 38.1171 11.0433 Cellulose

90.1000 848.115 9.6915 9.9986 16

104.493 66.5740 4.4139 12.4262 •
114.904 66.5740 78.3354 12.4262 Cardiovascular
195.697 66.5740 48.0495 12.4262 implants:
246.505 66.5740 45.5550 12.4262 Bacterial
294.819 66.5740 44.7151 12.4262 cellulose
341.932 66.5740 17.3919 12.4262 has
361.723 66.5740 12.7021 12.4262 an
376.824 66.5740 52.9673 12.4262 important
432.190 66.5740 58.1245 12.4262 application
492.712 66.5740 10.4471 12.4262 in

114.904 80.9674 44.4155 12.4262 artificial
162.078 80.9674 29.5051 12.4262 blood
194.222 80.9674 37.9029 12.4262 vessels.
234.884 80.9674 54.3346 12.4262 Compared
291.977 80.9674 10.3872 12.4262 to
304.763 80.9674 16.7200 12.4262 the
323.882 80.9674 43.0353 12.4262 material
369.677 80.9674 47.6056 12.4262 generally
419.681 80.9674 24.0608 12.4262 used
446.500 80.9674 15.3170 12.4262 for
464.156 80.9674 43.2039 12.4262 vascular

114.904 95.3608 33.5722 12.4262 grafts,
151.235 95.3608 27.1075 12.4262 these
180.742 95.3608 47.8698 12.4262 materials
231.010 95.3608 27.2275 12.4262 show
260.637 95.3608 18.4941 12.4262 less
281.531 95.3608 58.4834 12.4262 thrombosis
342.413 95.3608 19.4671 12.4262 and
364.639 95.3608 52.2476 12.4262 occlusion.
419.645 95.3608 42.4352 12.4262 Heparin
464.479 95.3608 56.1094 12.4262 hybridized

114.904 109.754 44.9913 12.4262 bacterial
162.654 109.754 70.7415 12.4262 nanocellulose
235.794 109.754 45.9145 12.4262 scaffolds
283.988 109.754 24.0008 12.4262 with
310.388 109.754 70.9937 12.4262 anticoagulant
383.780 109.754 53.3741 12.4262 properties
439.553 109.754 23.8329 12.4262 have
465.785 109.754 46.3947 12.4262 potential

114.904 124.147 17.3199 12.4262 use
134.623 124.147 10.4471 12.4262 in
147.349 124.147 43.2039 12.4262 vascular
193.011 124.147 29.6141 12.4262 tissue
225.024 124.147 64.6140 12.4262 engineering.
292.397 124.147 46.2866 12.4262 Potential
341.442 124.147 17.3199 12.4262 use
361.160 124.147 10.6017 12.4262 of
374.881 124.147 15.6407 12.4262 BC
393.280 124.147 10.4471 12.4262 in
406.126 124.147 16.7200 12.4262 the
425.245 124.147 57.8713 12.4262 production
485.515 124.147 10.6032 12.4262 of

114.904 138.541 27.5031 12.4262 heart
144.686 138.541 27.1674 12.4262 valve
174.253 138.541 68.7990 12.4262 replacements
245.451 138.541 17.3919 12.4262 has
265.241 138.541 24.9125 12.4262 been
292.552 138.541 45.5189 12.4262 explored
340.830 138.541 20.0073 12.4262 [43,
363.595 138.541 21.6613 12.4262 44].

104.494 167.327 4.4139 12.4262 •
114.905 167.327 26.4115 12.4262 Bone
143.715 167.327 19.4671 12.4262 and
165.941 167.327 56.1925 12.4262 connective
224.533 167.327 29.6141 12.4262 tissue
256.546 167.327 33.8123 12.4262 repair:
293.117 167.327 72.5287 12.4262 Nanocellulose
368.044 167.327 16.0364 12.4262 are
386.480 167.327 53.0271 12.4262 promising
442.265 167.327 47.8686 12.4262 materials
492.533 167.327 15.3167 12.4262 for

114.905 181.720 16.7202 12.4262 the
134.024 181.720 37.2895 12.4262 culture
173.713 181.720 10.6032 12.4262 of
187.314 181.720 38.4422 12.4262 various
228.155 181.720 22.5255 12.4262 cells
253.080 181.720 49.0677 12.4262 including
304.906 181.720 56.7091 12.4262 osteoblasts
364.014 181.720 19.4671 12.4262 and
386.240 181.720 72.8657 12.4262 chondroblasts
461.504 181.720 52.5114 12.4262 indicating

114.905 196.114 20.9062 12.4262 that
138.210 196.114 22.9691 12.4262 they
163.578 196.114 23.8329 12.4262 have
189.810 196.114 46.3947 12.4262 potential
238.963 196.114 15.3158 12.4262 for
256.738 196.114 25.7040 12.4262 bone
284.841 196.114 29.6141 12.4262 tissue
316.854 196.114 65.8491 12.4262 regeneration
385.102 196.114 19.4671 12.4262 and
407.328 196.114 40.9956 12.4262 healing.
451.082 196.114 8.6120 12.4262 A
462.453 196.114 56.0618 12.4262 membrane

114.905 210.507 10.6030 12.4262 of
128.626 210.507 15.6407 12.4262 BC
147.026 210.507 19.4668 12.4262 and
169.251 210.507 78.2740 12.4262 hydroxyapatite
249.804 210.507 19.8266 12.4262 was
272.030 210.507 52.7740 12.4262 developed
327.562 210.507 10.5431 12.4262 as
340.505 210.507 59.5645 12.4262 biomaterial
402.828 210.507 15.3170 12.4262 for
420.604 210.507 46.3935 12.4262 potential
469.756 210.507 25.7039 12.4262 bone

114.905 224.900 69.4235 12.4262 regeneration,
186.967 224.900 31.7612 12.4262 which
221.127 224.900 47.5927 12.4262 delivered
271.479 224.900 30.4539 12.4262 prone
304.332 224.900 37.6744 12.4262 growth
344.404 224.900 10.6032 12.4262 of
358.126 224.900 51.9829 12.4262 osteoblast
412.507 224.900 25.8600 12.4262 cells,
441.126 224.900 23.1614 12.4262 high
466.686 224.900 23.8447 12.4262 level
493.290 224.900 10.6031 12.4262 of

114.905 239.294 40.7091 12.4262 alkaline
158.013 239.294 64.1817 12.4262 phosphatase
224.594 239.294 39.3162 12.4262 activity
266.309 239.294 19.4671 12.4262 and
288.534 239.294 36.5592 12.4262 greater
327.553 239.294 25.7040 12.4262 bone
355.656 239.294 35.8020 12.4262 nodule
393.857 239.294 55.5459 12.4262 formation.
452.161 239.294 8.0841 12.4262 It
462.524 239.294 19.8255 12.4262 was
484.750 239.294 20.2465 12.4262 also

114.905 253.687 31.0535 12.4262 found
148.717 253.687 20.9064 12.4262 that
172.022 253.687 24.7205 12.4262 HAp
199.141 253.687 39.5812 12.4262 crystals
241.120 253.687 16.0364 12.4262 are
259.556 253.687 43.9475 12.4262 partially
305.901 253.687 58.3763 12.4262 substituted
366.916 253.687 24.0008 12.4262 with
393.316 253.687 51.4547 12.4262 carbonate
447.169 253.687 57.4290 12.4262 resembling

114.905 268.081 37.5300 12.4262 natural
155.194 268.081 30.4178 12.4262 bones
188.010 268.081 43.0119 12.4262 [45–47].

90.1003 310.372 10.5419 13.7480 8.
103.069 310.372 68.1467 13.7480 Conclusion

107.100 340.047 28.2109 12.4262 From
137.757 340.047 16.7683 12.4262 the
156.973 340.047 39.3536 12.4262 chapter
198.713 340.047 14.7651 12.4262 we
215.925 340.047 18.3154 12.4262 can
236.687 340.047 46.6334 12.4262 conclude
285.768 340.047 20.9782 12.4262 that
309.193 340.047 44.9074 12.4262 cellulose
356.547 340.047 8.3121 12.4262 is
367.306 340.047 5.7093 12.4262 a
375.462 340.047 32.9607 12.4262 highly
410.750 340.047 43.6715 12.4262 versatile
456.868 340.047 43.7329 12.4262 polymer

90.1003 354.440 31.8573 12.4262 which
124.404 354.440 8.3121 12.4262 is
135.163 354.440 22.6334 12.4262 easy
160.243 354.440 10.4113 12.4262 to
173.101 354.440 67.1795 12.4262 manufacture
242.728 354.440 19.5149 12.4262 and
265.049 354.440 39.8694 12.4262 extract.
307.725 354.440 12.8578 12.4262 Its
323.030 354.440 58.3647 12.4262 application
383.841 354.440 10.4711 12.4262 in
396.759 354.440 44.1157 12.4262 multiple
443.322 354.440 28.5346 12.4262 fields
474.305 354.440 17.4399 12.4262 has

90.1003 368.834 24.9845 12.4262 been
117.531 368.834 49.6808 12.4262 discussed
170.019 368.834 33.2949 12.4262 above.
205.641 368.834 26.8195 12.4262 With
234.907 368.834 53.4949 12.4262 increasing
291.209 368.834 60.5717 12.4262 population,
354.587 368.834 42.2680 12.4262 demand
399.662 368.834 19.5147 12.4262 and
421.983 368.834 69.2561 12.4262 technological

90.1003 383.227 64.8776 12.4262 innovations,
157.784 383.227 53.5314 12.4262 renewable
213.763 383.227 35.7782 12.4262 energy
251.988 383.227 8.3121 12.4262 is
262.747 383.227 48.8649 12.4262 gradually
314.059 383.227 51.2160 12.4262 becoming
368.081 383.227 55.9308 12.4262 imperative
426.459 383.227 33.0086 12.4262 aspect
461.914 383.227 10.6269 12.4262 of
475.708 383.227 44.1635 12.4262 resource

90.1003 397.621 67.5762 12.4262 conservation
160.123 397.621 19.5161 12.4262 and
182.446 397.621 35.0838 12.4262 overall
220.336 397.621 76.4521 12.4262 environmental
299.595 397.621 36.0432 12.4262 health.
338.445 397.621 49.2971 12.4262 Although
390.069 397.621 38.5860 12.4262 various
431.102 397.621 27.8510 12.4262 other
461.461 397.621 48.4337 12.4262 polymers

90.1003 412.014 18.3154 12.4262 can
110.862 412.014 12.4022 12.4262 be
125.711 412.014 39.5578 12.4262 utilized
168.076 412.014 15.3649 12.4262 for
185.947 412.014 70.3944 12.4262 consumables,
259.149 412.014 57.5256 12.4262 biomedical
319.481 412.014 19.5150 12.4262 and
341.802 412.014 80.4704 12.4262 pharmaceutical
425.080 412.014 66.5328 12.4262 applications,
494.419 412.014 16.7680 12.4262 the

90.1003 426.407 39.6777 12.4262 marked
132.584 426.407 52.7156 12.4262 advantage
187.747 426.407 10.6269 12.4262 of
201.540 426.407 44.9074 12.4262 cellulose
248.894 426.407 8.3121 12.4262 is
259.653 426.407 20.9782 12.4262 that
283.077 426.407 7.7124 12.4262 it
293.236 426.407 8.3121 12.4262 is
303.995 426.407 5.7093 12.4262 a
312.151 426.407 73.7297 12.4262 biodegradable
388.328 426.407 19.5149 12.4262 and
410.649 426.407 86.1809 12.4262 environmentally

90.1003 440.801 41.9805 12.4262 friendly
134.527 440.801 46.4182 12.4262 material.
183.392 440.801 20.3784 12.4262 The
206.218 440.801 46.9463 12.4262 intensive
255.611 440.801 43.5398 12.4262 research
301.597 440.801 13.3858 12.4262 on
317.430 440.801 16.7683 12.4262 the
336.645 440.801 52.3676 12.4262 chemistry
391.460 440.801 10.6269 12.4262 of
405.253 440.801 16.7683 12.4262 the
424.468 440.801 59.6014 12.4262 compound,
486.876 440.801 17.4399 12.4262 has

90.1003 455.194 41.8843 12.4262 resulted
134.791 455.194 10.4711 12.4262 in
147.709 455.194 16.7683 12.4262 the
166.924 455.194 58.0877 12.4262 production
227.459 455.194 10.6269 12.4262 of
241.252 455.194 5.7093 12.4262 a
249.288 455.194 25.3440 12.4262 wide
276.959 455.194 36.8227 12.4262 variety
316.228 455.194 10.6269 12.4262 of
330.021 455.194 73.7297 12.4262 biodegradable
406.198 455.194 45.9494 12.4262 products
454.475 455.194 24.0728 12.4262 with
480.995 455.194 5.7093 12.4262 a

90.1003 469.588 43.7795 12.4262 plethora
136.326 469.588 10.6269 12.4262 of
150.119 469.588 66.1501 12.4262 applications.
219.076 469.588 15.6287 12.4262 An
237.152 469.588 49.9808 12.4262 improved
289.939 469.588 63.0425 12.4262 information
355.427 469.588 10.6269 12.4262 of
369.221 469.588 16.7683 12.4262 the
388.436 469.588 29.3025 12.4262 many
420.185 469.588 51.5517 12.4262 structural
474.544 469.588 28.7977 12.4262 levels
505.788 469.588 10.4711 12.4262 in

90.1003 483.981 31.8573 12.4262 which
124.404 483.981 44.9073 12.4262 cellulose
171.758 483.981 44.2231 12.4262 partakes
218.308 483.981 19.6588 12.4262 will
240.774 483.981 28.1018 12.4262 allow
271.322 483.981 11.6706 12.4262 us
285.440 483.981 10.4113 12.4262 to
298.298 483.981 59.4448 12.4262 understand
360.550 483.981 31.1855 12.4262 better
394.242 483.981 41.1526 12.4262 practise
437.841 483.981 10.6269 12.4262 of
451.635 483.981 19.4429 12.4262 this
473.524 483.981 34.3874 12.4262 excep-

90.1003 498.374 30.2139 12.4262 tional
123.120 498.374 19.5148 12.4262 and
145.442 498.374 56.4221 12.4262 metastable
204.311 498.374 52.0439 12.4262 molecular
258.860 498.374 47.7020 12.4262 assembly
309.008 498.374 49.1531 12.4262 produced
360.968 498.374 12.8941 12.4262 by
376.309 498.374 26.9993 12.4262 plant
405.755 498.374 51.3243 12.4262 metabolic
459.526 498.374 51.7677 12.4262 pathways.

90.1003 512.768 17.3440 12.4262 We
109.891 512.768 23.9046 12.4262 have
136.242 512.768 33.5844 12.4262 placed
172.633 512.768 48.4093 12.4262 emphasis
223.489 512.768 13.3858 12.4262 on
239.322 512.768 16.7683 12.4262 the
258.537 512.768 37.0627 12.4262 diverse
298.046 512.768 63.1742 12.4262 applications
363.667 512.768 10.6269 12.4262 of
377.460 512.768 44.9074 12.4262 cellulose
424.814 512.768 10.4113 12.4262 to
437.673 512.768 44.2718 12.4262 promote
484.391 512.768 27.1073 12.4262 more

90.1003 527.161 61.5191 12.4262 innovations
154.066 527.161 20.9782 12.4262 that
177.491 527.161 19.6108 12.4262 aim
199.548 527.161 10.4113 12.4262 to
212.407 527.161 33.5831 12.4262 bridge
248.437 527.161 16.7683 12.4262 the
267.652 527.161 18.6153 12.4262 gap
288.714 527.161 44.0314 12.4262 between
335.192 527.161 16.7683 12.4262 the
354.407 527.161 45.2309 12.4262 amounts
402.085 527.161 10.6269 12.4262 of
415.878 527.161 48.2177 12.4262 cellulosic
466.423 527.161 29.6623 12.4262 waste

90.1003 541.555 19.5148 12.4262 and
112.421 541.555 12.4621 12.4262 its
127.330 541.555 48.4922 12.4262 optimum
178.268 541.555 57.2370 12.4262 utilization.
238.312 541.555 29.3744 12.4262 Large
270.133 541.555 45.2309 12.4262 amounts
317.811 541.555 10.6269 12.4262 of
331.604 541.555 44.9074 12.4262 cellulose
378.958 541.555 29.7582 12.4262 based
411.403 541.555 34.4000 12.4262 wastes
448.250 541.555 16.0843 12.4262 are
466.781 541.555 49.1532 12.4262 produced

90.1003 555.948 10.4711 12.4262 in
103.018 555.948 28.6427 12.4262 every
134.107 555.948 60.4023 12.4262 community
196.957 555.948 31.8572 12.4262 across
231.261 555.948 16.7683 12.4262 the
250.356 555.948 33.9563 12.4262 world,
286.999 555.948 31.8573 12.4262 which
321.303 555.948 36.9308 12.4262 remain
360.681 555.948 5.7093 12.4262 a
368.837 555.948 35.1560 12.4262 largely
406.440 555.948 49.7051 12.4262 untapped
458.952 555.948 47.1383 12.4262 resource.

90.1003 570.341 46.3943 12.4262 Research
138.941 570.341 20.9782 12.4262 that
162.366 570.341 42.3763 12.4262 involves
207.189 570.341 16.7683 12.4262 the
226.404 570.341 56.6378 12.4262 conversion
285.488 570.341 10.6269 12.4262 of
299.281 570.341 19.4429 12.4262 this
321.171 570.341 50.1125 12.4262 perceived
373.970 570.341 29.6623 12.4262 waste
406.079 570.341 20.8105 12.4262 into
429.336 570.341 5.7093 12.4262 a
437.373 570.341 34.9747 12.4262 widely
474.794 570.341 24.1329 12.4262 used

90.1003 584.735 59.8280 12.4262 commodity
152.255 584.735 32.4797 12.4262 would
187.541 584.735 23.9047 12.4262 have
213.893 584.735 16.7683 12.4262 the
233.108 584.735 22.5855 12.4262 dual
258.500 584.735 37.0627 12.4262 benefit
298.010 584.735 10.6269 12.4262 of
311.803 584.735 39.0177 12.4262 organic
353.148 584.735 29.6623 12.4262 waste
385.256 584.735 67.5764 12.4262 management
455.279 584.735 19.5149 12.4262 and
477.601 584.735 41.6209 12.4262 sustain-

90.1003 599.128 21.3501 12.4262 able
113.897 599.128 64.4935 12.4262 innovations.

90.1003 641.419 118.732 13.7480 Acknowledgements

107.100 671.094 20.3307 12.4262 The
129.830 671.094 39.1374 12.4262 authors
171.366 671.094 28.1026 12.4262 listed
202.227 671.094 10.4471 12.4262 in
215.073 671.094 19.3710 12.4262 this
236.843 671.094 39.2089 12.4262 chapter
278.391 671.094 24.5526 12.4262 wish
305.342 671.094 10.3872 12.4262 to
318.128 671.094 38.6343 12.4262 express
359.161 671.094 25.0082 12.4262 their
386.629 671.094 65.2600 12.4262 appreciation
454.287 671.094 10.3872 12.4262 to
467.073 671.094 16.7200 12.4262 the

90.1003 685.488 28.3188 12.4262 RSST
120.817 685.488 25.0924 12.4262 trust
148.309 685.488 51.6945 12.4262 Bangalore
202.402 685.488 15.3167 12.4262 for
220.178 685.488 25.0082 12.4262 their
247.645 685.488 66.7733 12.4262 continuation
316.817 685.488 40.8041 12.4262 support
360.020 685.488 19.4671 12.4262 and
382.246 685.488 83.2997 12.4262 encouragement.
468.304 685.488 13.4457 12.4262 As
484.149 685.488 5.7093 12.4262 a

90.1003 699.881 75.1919 12.4262 corresponding
168.050 699.881 36.9549 12.4262 author,
207.764 699.881 4.1501 12.4262 I
214.673 699.881 20.2465 12.4262 also
237.318 699.881 38.6343 12.4262 express
278.351 699.881 16.3472 12.4262 my
297.097 699.881 36.5348 12.4262 sincere
336.031 699.881 35.2515 12.4262 thanks
373.681 699.881 10.3872 12.4262 to
386.467 699.881 12.3782 12.4262 all
401.604 699.881 27.7551 12.4262 other
431.819 699.881 39.1374 12.4262 authors
473.235 699.881 32.9128 12.4262 whose

90.1003 714.274 43.5397 12.4262 valuable
136.038 714.274 65.7643 12.4262 contribution
204.201 714.274 19.4671 12.4262 and
226.427 714.274 52.9672 12.4262 important
281.792 714.274 53.9154 12.4262 comments
338.106 714.274 28.1270 12.4262 make
368.632 714.274 19.3710 12.4262 this
390.402 714.274 59.5882 12.4262 manuscript
452.388 714.274 10.4471 12.4262 in
465.234 714.274 19.3710 12.4262 this
487.004 714.274 28.9063 12.4262 form.

90.1003 756.566 49.8071 13.7480 Conflict
142.335 756.566 12.6793 13.7480 of
157.442 756.566 46.1775 13.7480 interest

107.100 786.241 20.3307 12.4262 The
129.830 786.241 39.1374 12.4262 authors
171.366 786.241 28.1026 12.4262 listed
202.227 786.241 10.4471 12.4262 in
215.073 786.241 19.3710 12.4262 this
236.843 786.241 39.2089 12.4262 chapter
278.511 786.241 23.8329 12.4262 have
304.743 786.241 13.3259 12.4262 no
320.467 786.241 39.8814 12.4262 conflict
362.748 786.241 10.6032 12.4262 of
376.470 786.241 39.2928 12.4262 interest
418.161 786.241 36.1151 12.4262 known
456.675 786.241 21.3741 12.4262 best
480.448 786.241 25.8840 12.4262 from

90.1003 800.634 18.0156 12.4262 our
110.574 800.634 23.5930 12.4262 side.
136.566 800.634 30.5861 12.4262 There
169.431 800.634 19.8255 12.4262 was
191.655 800.634 20.2465 12.4262 also
214.301 800.634 13.3259 12.4262 no
230.026 800.634 43.7313 12.4262 problem
276.156 800.634 35.5869 12.4262 related
314.502 800.634 10.3872 12.4262 to
327.288 800.634 44.6300 12.4262 funding.
374.677 800.634 15.2809 12.4262 All
392.716 800.634 39.1377 12.4262 authors
434.253 800.634 23.8329 12.4262 have
460.485 800.634 61.1473 12.4262 contributed

90.1003 815.028 37.6024 12.4262 equally
129.981 815.028 24.0008 12.4262 with
156.381 815.028 25.0082 12.4262 their
183.728 815.028 43.5385 12.4262 valuable
229.665 815.028 53.9154 12.4262 comments
285.859 815.028 31.7612 12.4262 which
320.019 815.028 28.2946 12.4262 made
350.713 815.028 16.7200 12.4262 the
369.832 815.028 59.5870 12.4262 manuscript
431.818 815.028 10.3872 12.4262 to
444.604 815.028 19.3710 12.4262 this
466.374 815.028 28.9063 12.4262 form.

90.1000 848.115 9.0294 9.9986 17

90.1000 24.9644 13.4397 11.0433 An
106.130 24.9644 32.5905 11.0433 Update
141.311 24.9644 10.8274 11.0433 on
154.730 24.9644 42.7789 11.0433 Overview
200.099 24.9644 8.3445 11.0433 of
211.693 24.9644 41.7871 11.0433 Cellulose,
256.071 24.9644 10.4710 11.0433 Its
269.133 24.9644 40.9326 11.0433 Structure
312.548 24.9644 17.1966 11.0433 and
332.336 24.9644 55.6918 11.0433 Applications

90.1000 38.1582 22.3025 11.0433 DOI:
115.371 38.1582 186.319 11.0433 http://dx.doi.org/10.5772/intechopen.84727

90.1000 66.5606 50.6379 13.7480 Funding
143.165 66.5606 73.2383 13.7480 information

107.100 96.2358 30.5861 12.4262 There
139.965 96.2358 19.8266 12.4262 was
162.190 96.2358 13.3259 12.4262 no
177.915 96.2358 41.6795 12.4262 funding
222.353 96.2358 46.6942 12.4262 provided
271.806 96.2358 15.3170 12.4262 for
289.582 96.2358 16.7200 12.4262 the
308.701 96.2358 30.2247 12.4262 above
341.325 96.2358 43.3716 12.4262 research
387.095 96.2358 19.4671 12.4262 and
409.321 96.2358 60.9076 12.4262 preparation
472.626 96.2358 10.6032 12.4262 of
486.348 96.2358 16.7200 12.4262 the

90.1000 110.629 62.7788 12.4262 manuscript.

90.1000 152.920 23.0102 13.7480 List
115.537 152.920 12.6793 13.7480 of
130.644 152.920 82.9358 13.7480 abbreviations

90.1000 182.595 16.2284 12.4262 DP

176.459 182.595 34.4838 12.4262 degree
213.342 182.595 10.6032 12.4262 of
227.063 182.595 79.6190 12.4262 polymerization

90.1000 196.989 28.0789 12.4262 NMR

176.459 196.989 38.5617 12.4262 nuclear
217.480 196.989 48.0018 12.4262 magnetic
267.880 196.989 52.1035 12.4262 resonance

90.1000 211.382 15.5327 12.4262 HS

176.460 211.382 93.2562 12.4262 Hestrin-Schramm

90.1000 225.775 27.3832 12.4262 CMC

176.459 225.775 78.0943 12.4262 carboxymethyl
257.312 225.775 44.7151 12.4262 cellulose

90.1000 240.169 23.1613 12.4262 PKC

176.459 240.169 26.1238 12.4262 palm
204.982 240.169 32.6490 12.4262 kernel
240.390 240.169 23.2930 12.4262 cake

90.1000 254.562 15.3410 12.4262 EC

176.460 254.562 70.6113 12.4262 ethylcellulose

90.1000 268.956 24.6485 12.4262 HPC

176.459 268.956 77.0869 12.4262 hydroxypropyl
256.305 268.956 44.7151 12.4262 cellulose

90.1000 283.349 27.2273 12.4262 MCC

176.459 283.349 84.5484 12.4262 microcrystalline
263.406 283.349 44.7152 12.4262 cellulose

90.1000 297.742 24.8045 12.4262 TGA

176.459 297.742 98.4623 12.4262 thermogravimetric
277.320 297.742 40.9728 12.4262 analysis

90.1000 312.136 27.1316 12.4262 FTIR

176.459 312.136 38.4063 12.4262 Fourier
217.325 312.136 52.1880 12.4262 transform
271.910 312.136 42.4361 12.4262 infrared
317.105 312.136 67.8149 12.4262 spectroscopy

90.1000 326.529 25.4879 12.4262 XRD

176.460 326.529 29.0625 12.4262 X-ray
207.921 326.529 56.1694 12.4262 diffraction

90.1000 340.923 23.4489 12.4262 DSC

176.460 340.923 58.3412 12.4262 differential
237.560 340.923 46.4891 12.4262 scanning
286.807 340.923 60.9075 12.4262 calorimetry

90.1000 355.316 24.4446 12.4262 SEM

176.459 355.316 46.4901 12.4262 scanning
225.708 355.316 42.4712 12.4262 electron
270.578 355.316 59.9959 12.4262 microscopy

90.1000 369.709 21.8658 12.4262 SCB

176.459 369.709 52.0200 12.4262 sugarcane
230.878 369.709 39.3897 12.4262 bagasse

90.1000 384.103 23.2811 12.4262 GBF

176.459 384.103 29.0505 12.4262 green
207.909 384.103 42.1603 12.4262 bamboo
252.467 384.103 24.9005 12.4262 fibre

90.1000 398.496 23.4850 12.4262 DBF

176.459 398.496 45.9261 12.4262 dewaxed
225.144 398.496 42.1590 12.4262 bamboo
269.702 398.496 24.9005 12.4262 fibre

90.1000 412.890 13.2658 12.4262 DI

176.459 412.890 50.7842 12.4262 deionized

90.1000 427.283 30.5497 12.4262 DLBF

176.459 427.283 55.9659 12.4262 delignified
235.184 427.283 42.1590 12.4262 bamboo
279.742 427.283 24.9005 12.4262 fibre

90.1000 441.676 44.4273 12.4262 AmimCl

176.459 441.676 149.173 12.4262 1-allyl-3-methylimidazolium
328.032 441.676 42.6641 12.4262 chloride

90.1000 456.070 11.2148 12.4262 IL

176.459 456.070 25.7759 12.4262 ionic
204.634 456.070 30.3100 12.4262 liquid

90.1000 470.463 35.3235 12.4262 DMSO

176.459 470.463 46.5143 12.4262 dimethyl
225.732 470.463 47.4367 12.4262 sulfoxide

90.1000 484.857 20.6544 12.4262 BJH

176.459 484.857 121.827 12.4262 Barrett-Joyner-Halenda
300.684 484.857 40.9728 12.4262 analysis

90.1000 499.250 25.7520 12.4262 DTG

176.459 499.250 51.6603 12.4262 derivative
230.519 499.250 98.4622 12.4262 thermogravimetric

90.1000 513.643 25.5839 12.4262 CNC

176.459 513.643 44.7149 12.4262 cellulose
223.573 513.643 60.7739 12.4262 nanocrystal

90.1000 528.037 22.1657 12.4262 HIV

176.459 528.037 36.7628 12.4262 human
215.621 528.037 97.7167 12.4262 immunodeficiency
315.617 528.037 26.5558 12.4262 virus

90.1000 542.430 15.1609 12.4262 ER

176.459 542.430 47.7253 12.4262 extended
226.943 542.430 35.4552 12.4262 release

90.1000 556.824 24.7683 12.4262 BNC

176.459 556.824 44.9913 12.4262 bacterial
224.209 556.824 70.7415 12.4262 nanocellulose

90.1000 571.217 15.6407 12.4262 BC

176.459 571.217 44.9913 12.4262 bacterial
224.209 571.217 44.7139 12.4262 cellulose

90.1000 585.610 24.7205 12.4262 HAp

176.460 585.610 78.2754 12.4262 hydroxyapatite

90.1000 600.004 24.5046 12.4262 GTR

176.459 600.004 35.7312 12.4262 guided
214.949 600.004 29.6141 12.4262 tissue
246.961 600.004 65.8503 12.4262 regeneration

90.1000 24.9644 38.1171 11.0433 Cellulose

90.1000 848.115 9.5380 9.9986 18

90.1000 771.848 10.2312 12.4262 ©
102.370 771.848 23.2452 12.4262 2019
127.294 771.848 19.6108 12.4262 The
148.584 771.848 52.2584 12.4262 Author(s).
202.882 771.848 42.0515 12.4262 Licensee
246.612 771.848 60.7755 12.4262 IntechOpen.
309.067 771.848 21.9016 12.4262 This
332.648 771.848 37.0503 12.4262 chapter
371.436 771.848 7.9283 12.4262 is
381.044 771.848 53.9748 12.4262 distributed
437.057 771.848 29.4449 12.4262 under
468.243 771.848 16.0006 12.4262 the
485.923 771.848 28.1863 12.4262 terms

90.1000 786.241 10.2432 12.4262 of
102.742 786.241 16.0006 12.4262 the
120.421 786.241 40.8638 12.4262 Creative
162.964 786.241 51.2038 12.4262 Commons
215.847 786.241 55.8822 12.4262 Attribution
273.409 786.241 36.7982 12.4262 License
311.886 786.241 185.682 12.4262 (http://creativecommons.org/licenses/

90.1000 800.635 39.2938 12.4262 by/3.0),
131.313 800.635 30.3217 12.4262 which
163.314 800.635 37.8906 12.4262 permits
202.883 800.635 59.4313 12.4262 unrestricted
264.354 800.635 19.5750 12.4262 use,
285.968 800.635 61.4474 12.4262 distribution,
349.454 800.635 18.7471 12.4262 and
370.241 800.635 64.2419 12.4262 reproduction
436.162 800.635 10.0873 12.4262 in
447.927 800.635 18.1114 12.4262 any
467.717 800.635 44.8591 12.4262 medium,

90.1000 815.028 44.1745 12.4262 provided
136.313 815.028 16.0006 12.4262 the
153.993 815.028 37.8422 12.4262 original
193.754 815.028 25.5837 12.4262 work
221.137 815.028 7.9283 12.4262 is
230.744 815.028 42.0765 12.4262 properly
274.500 815.028 26.8435 12.4262 cited.

90.1000 612.632 43.6588 13.7480 Author
135.988 612.632 40.4509 13.7480 details

90.1000 642.308 41.3809 12.4262 Praveen
133.879 642.308 35.7553 12.4262 Kumar
172.393 642.308 39.3657 12.4262 Gupta*,
214.518 642.308 40.8156 12.4262 Shreeya
257.732 642.308 15.4729 12.4262 Sai
275.964 642.308 60.5720 12.4262 Raghunath,
339.295 642.308 39.5806 12.4262 Deepali
381.154 642.308 53.1354 12.4262 Venkatesh
437.048 642.308 51.3000 12.4262 Prasanna,

90.1000 656.701 69.9268 12.4262 Priyadharsini
162.785 656.701 39.7378 12.4262 Venkat,
204.802 656.701 37.0747 12.4262 Vidhya
244.635 656.701 32.2292 12.4262 Shree,
279.622 656.701 79.1389 12.4262 Chandrananthi
361.520 656.701 82.2810 12.4262 Chithananthan,

90.0990 671.095 35.2034 12.4262 Shreya
128.061 671.095 61.1353 12.4262 Choudhary,
191.955 671.095 43.4305 12.4262 Krithika
238.145 671.095 47.3658 12.4262 Surender
287.969 671.095 19.4671 12.4262 and
310.195 671.095 53.7592 12.4262 Keerthana
366.712 671.095 36.9908 12.4262 Geetha

90.0980 685.488 63.5814 12.4262 Department
156.078 685.488 10.6032 12.4262 of
169.800 685.488 76.8594 12.4262 Biotechnology,
249.418 685.488 11.2988 12.4262 R.
258.702 685.488 8.7079 12.4262 V
270.168 685.488 38.5249 12.4262 College
311.092 685.488 10.6032 12.4262 of
324.814 685.488 66.6892 12.4262 Engineering,
394.262 685.488 55.0289 12.4262 Bangalore,
452.049 685.488 26.9035 12.4262 India

90.0980 714.275 44.6433 12.4262 *Address
137.140 714.275 12.3782 12.4262 all
152.277 714.275 82.1484 12.4262 correspondence
236.824 714.275 13.0740 12.4262 to:
252.657 714.275 146.235 12.4262 praveenkgupta@rvce.edu.in

90.1000 848.115 9.7779 9.9986 19

90.1000 24.9644 13.4397 11.0433 An
106.130 24.9644 32.5905 11.0433 Update
141.311 24.9644 10.8274 11.0433 on
154.730 24.9644 42.7789 11.0433 Overview
200.099 24.9644 8.3445 11.0433 of
211.693 24.9644 41.7871 11.0433 Cellulose,
256.071 24.9644 10.4710 11.0433 Its
269.133 24.9644 40.9326 11.0433 Structure
312.548 24.9644 17.1966 11.0433 and
332.336 24.9644 55.6918 11.0433 Applications

90.1000 38.1582 22.3025 11.0433 DOI:
115.371 38.1582 186.319 11.0433 http://dx.doi.org/10.5772/intechopen.84727

90.1000 65.6856 65.2572 13.7480 References

90.1000 96.9946 12.7746 10.5623 [1]
105.443 95.6417 62.9587 12.4262 Khandelwal
171.425 95.6417 14.6332 12.4262 M,
188.600 95.6417 39.0896 12.4262 Windle
230.353 95.6417 12.2943 12.4262 A.

90.1000 110.035 64.9850 12.4262 Hierarchical
158.107 110.035 69.0145 12.4262 Organisation
229.785 110.035 10.5791 12.4262 in
243.026 110.035 16.9842 12.4262 the
262.673 110.035 26.5198 12.4262 Most

90.1000 124.428 53.5307 12.4262 Abundant
146.292 124.428 61.8194 12.4262 Biopolymer
210.834 124.428 58.2449 12.4262 –Cellulose.

90.1000 138.821 25.2842 12.4262 MRS
118.406 138.821 67.3603 12.4262 Proceedings.
188.789 138.821 27.2632 12.4262 2013.
219.075 138.821 9.7634 12.4262 p.
231.860 138.821 28.6787 12.4262 1504,

90.0999 153.215 111.956 12.4262 Mrsf12-1504-v02-03.
205.077 153.215 25.5245 12.4262 DOI:
233.624 153.215 42.6281 12.4262 10.1557/

90.1003 167.608 65.6461 12.4262 opl.2013.379

90.1003 197.748 12.9277 10.5623 [2]
105.372 196.395 57.1880 12.4262 Holtzapple
164.960 196.395 20.5225 12.4262 MT.
188.241 196.395 50.4481 12.4262 Cellulose.
241.448 196.395 13.5896 12.4262 In:

90.1003 210.788 49.6931 12.4262 Caballero
142.192 210.788 10.9869 12.4262 B,
155.938 210.788 33.1993 12.4262 editor.
191.896 210.788 69.5184 12.4262 Encyclopedia
263.813 210.788 10.6032 12.4262 of

90.1003 225.182 26.0158 12.4262 Food
118.874 225.182 43.7300 12.4262 Sciences
165.003 225.182 19.4671 12.4262 and
187.229 225.182 49.3328 12.4262 Nutrition
238.961 225.182 3.1905 12.4262 .
244.910 225.182 19.4654 12.4262 2nd
267.134 225.182 15.6048 12.4262 ed.

90.1003 239.575 51.1207 12.4262 Academic
143.619 239.575 29.8782 12.4262 Press.
176.256 239.575 77.7703 12.4262 2003:998-1007.
256.785 239.575 27.0714 12.4262 ISBN

90.1003 253.969 81.9811 12.4262 9780122270550.
174.840 253.969 122.089 12.4262 https://doi.org/10.1016/

90.1003 268.362 128.111 12.4262 B0-12-227055-X/00185-1

90.1003 298.502 12.9480 10.5623 [3]
105.393 297.149 74.0175 12.4262 Aravamudhan
181.809 297.149 12.5460 12.4262 A,
197.114 297.149 35.3223 12.4262 Ramos
234.835 297.149 23.6170 12.4262 DM,

90.1003 311.542 26.8316 12.4262 Nada
119.330 311.542 12.5460 12.4262 A,
134.635 311.542 42.3628 12.4262 Kumbar
179.457 311.542 9.2958 12.4262 S.
191.511 311.542 39.3175 12.4262 Natural
233.587 311.542 50.8440 12.4262 Polymers:

90.1003 325.935 81.6815 12.4262 Polysaccharides
174.180 325.935 19.4671 12.4262 and
196.046 325.935 28.6177 12.4262 Their
227.122 325.935 58.8088 12.4262 Derivatives

90.1003 340.329 15.3168 12.4262 for
107.876 340.329 57.8249 12.4262 Biomedical
168.459 340.329 68.8105 12.4262 Applications.

90.1003 354.722 39.3175 12.4262 Natural
132.176 354.722 19.4670 12.4262 and
154.402 354.722 49.2600 12.4262 Synthetic
206.060 354.722 57.8249 12.4262 Biomedical

90.1003 369.116 51.1079 12.4262 Polymers.
143.966 369.116 58.9406 12.4262 2014:67-89.
205.665 369.116 25.1283 12.4262 DOI:
233.553 369.116 43.0594 12.4262 10.1016/

90.1003 383.509 152.795 12.4262 B978-0-12-396983-5.00004-1

90.1003 413.648 13.0906 10.5623 [4]
105.250 412.295 32.6007 12.4262 Zhang
140.273 412.295 11.0588 12.4262 Z,
153.755 412.295 26.9517 12.4262 Ortiz
182.770 412.295 11.9823 12.4262 O,
197.175 412.295 29.7820 12.4262 Goyal
229.380 412.295 11.5134 12.4262 R,
243.316 412.295 27.5884 12.4262 Kohn
272.966 412.295 6.3212 12.4262 J.

90.1003 426.689 71.9423 12.4262 Biodegradable
164.106 426.689 49.7639 12.4262 Polymers.
216.293 426.689 13.2534 12.4262 In:
231.969 426.689 50.2566 12.4262 Principles
284.289 426.689 10.4352 12.4262 of

90.0997 441.082 32.2650 12.4262 Tissue
124.429 441.082 64.1962 12.4262 Engineering:
191.048 441.082 17.4039 12.4262 4th
210.515 441.082 15.2689 12.4262 ed.
228.206 441.082 40.2533 12.4262 Elsevier
270.583 441.082 19.0366 12.4262 Inc.

90.0997 455.476 69.3027 12.4262 2013:441-473.
161.825 455.476 118.230 12.4262 https://doi.org/10.1016/

90.0997 469.869 146.667 12.4262 B978-0-12-398358-9.00023-9

90.0997 500.009 12.8870 10.5623 [5]
105.331 498.656 24.3847 12.4262 Rose
132.114 498.656 14.5012 12.4262 M,
149.374 498.656 47.3891 12.4262 Palkovits
199.162 498.656 11.2986 12.4262 R.
213.220 498.656 81.4778 12.4262 Cellulose-based

90.0997 513.049 58.1127 12.4262 sustainable
150.611 513.049 50.9510 12.4262 polymers:
204.321 513.049 25.5612 12.4262 State
232.281 513.049 10.6017 12.4262 of
246.001 513.049 16.7200 12.4262 the
265.120 513.049 15.0170 12.4262 art

90.0997 527.442 19.4668 12.4262 and
112.325 527.442 32.8285 12.4262 future
147.551 527.442 36.0313 12.4262 trends.
186.341 527.442 84.9082 12.4262 Macromolecular

90.0997 541.836 30.7896 12.4262 Rapid
123.648 541.836 92.2956 12.4262 Communications.

90.0997 556.229 115.384 12.4262 2011;32(17):1299-1311

90.0997 586.369 13.5191 10.5623 [6]
105.963 585.016 26.6155 12.4262 Kalia
134.893 585.016 9.6796 12.4262 S,
147.248 585.016 48.0620 12.4262 Dufresne
197.625 585.016 12.5460 12.4262 A,
212.846 585.016 41.7279 12.4262 Cherian
256.888 585.016 10.9869 12.4262 B,
270.550 585.016 28.5827 12.4262 Kaith

90.0997 599.409 10.9869 12.4262 B,
103.845 599.409 42.0527 12.4262 Avérous
148.295 599.409 10.8789 12.4262 L,
161.933 599.409 44.7989 12.4262 Njuguna
209.131 599.409 6.8726 12.4262 J,
218.762 599.409 9.9074 12.4262 et
231.428 599.409 12.2343 12.4262 al.
246.421 599.409 52.1147 12.4262 Cellulose-

90.0997 613.803 29.6621 12.4262 based
122.520 613.803 21.1461 12.4262 bio-
146.425 613.803 19.4656 12.4262 and
168.649 613.803 86.6715 12.4262 nanocomposites:

90.0997 628.196 8.6120 12.4262 A
101.470 628.196 39.5809 12.4262 Review.
143.810 628.196 67.9362 12.4262 International
214.505 628.196 37.5665 12.4262 Journal
254.830 628.196 10.6018 12.4262 of

90.0997 642.590 43.4789 12.4262 Polymer
136.038 642.590 41.9679 12.4262 Science.
180.285 642.590 20.0429 12.4262 Vol.
203.087 642.590 27.1911 12.4262 2011,
233.036 642.590 35.7658 12.4262 Article

90.0997 656.983 13.2658 12.4262 ID
106.124 656.983 38.3098 12.4262 837875,
147.192 656.983 11.5146 12.4262 35
161.466 656.983 31.9650 12.4262 pages,
196.189 656.983 26.8064 12.4262 2011.
225.754 656.983 57.7290 12.4262 https://doi.

90.0997 671.376 126.755 12.4262 org/10.1155/2011/837875

90.0997 701.516 13.3863 10.5623 [7]
105.830 700.163 38.1182 12.4262 Aunina
146.347 700.163 11.2268 12.4262 Z,
160.333 700.163 52.7381 12.4262 Bazbauers
215.470 700.163 12.4862 12.4262 G,
230.235 700.163 35.8391 12.4262 Valters
268.473 700.163 8.3361 12.4262 K

90.0997 714.556 53.6749 12.4262 Feasibility
146.173 714.556 10.6017 12.4262 of
159.893 714.556 55.5939 12.4262 bioethanol
218.246 714.556 57.8717 12.4262 production

90.0997 728.950 25.8841 12.4262 from
118.382 728.950 78.0341 12.4262 Lignocellulosic
198.815 728.950 45.1949 12.4262 biomass.

90.0997 743.343 48.9851 12.4262 Scientific
141.483 743.343 37.5652 12.4262 Journal
181.807 743.343 10.6029 12.4262 of
195.529 743.343 23.1974 12.4262 Riga
220.765 743.343 49.5485 12.4262 Technical

90.0997 757.737 53.9871 12.4262 University
146.485 757.737 77.8547 12.4262 Environmental
227.099 757.737 19.4670 12.4262 and
249.324 757.737 40.6968 12.4262 Climate

90.0997 772.130 70.5023 12.4262 Technologies.
163.360 772.130 85.4116 12.4262 2010;4(-1):11-15

90.0997 802.270 13.3049 10.5623 [8]
105.749 800.917 49.0692 12.4262 Niwińska
157.217 800.917 10.6030 12.4262 B.
170.578 800.917 50.0276 12.4262 Digestion
223.005 800.917 10.4471 12.4262 in
235.851 800.917 57.1050 12.4262 ruminants.

90.0997 815.310 13.5896 12.4262 In:
106.448 815.310 161.696 12.4262 Carbohydrates-Comprehensive

313.196 95.6436 37.7582 12.4262 Studies
353.353 95.6436 13.3618 12.4262 on
369.113 95.6436 68.8837 12.4262 Glycobiology
440.395 95.6436 19.4671 12.4262 and

313.196 110.037 89.4425 12.4262 Glycotechnology.
405.397 110.037 64.3736 12.4262 IntechOpen.
472.529 110.037 27.1898 12.4262 2012.

313.196 124.430 25.1284 12.4262 DOI:
341.083 124.430 75.7440 12.4262 10.5772/51574.
419.586 124.430 47.9162 12.4262 Available
469.901 124.430 28.5708 12.4262 from:

313.196 138.823 192.255 12.4262 https://www.intechopen.com/books/

313.196 153.217 201.937 12.4262 carbohydrates-comprehensive-studies-

313.196 167.610 201.263 12.4262 on-glycobiology-and-glycotechnology/

313.196 182.004 121.550 12.4262 digestion-in-ruminants

313.196 212.143 13.2030 10.5623 [9]
328.744 210.790 33.2726 12.4262 Zhang
364.415 210.790 9.9794 12.4262 T,
376.674 210.790 25.5959 12.4262 Yang
404.548 210.790 10.1593 12.4262 Y,
417.467 210.790 29.3621 12.4262 Liang
449.108 210.790 10.1593 12.4262 Y,
462.026 210.790 19.1174 12.4262 Jiao
483.542 210.790 12.2583 12.4262 X,

313.196 225.184 26.3998 12.4262 Zhao
341.995 225.184 11.4187 12.4262 C.
356.172 225.184 51.4664 12.4262 Beneficial
410.398 225.184 29.6259 12.4262 effect
442.422 225.184 10.6032 12.4262 of
456.144 225.184 48.5294 12.4262 intestinal

313.196 239.577 68.2004 12.4262 fermentation
383.579 239.577 10.6031 12.4262 of
397.085 239.577 37.5301 12.4262 natural
437.158 239.577 84.7383 12.4262 polysaccharides.

313.196 253.970 52.6915 12.4262 Nutrients.
368.646 253.970 82.1132 12.4262 2018;10(8):1055

313.196 284.110 18.1785 10.5623 [10]
333.719 282.757 27.3592 12.4262 Serra
363.477 282.757 12.0902 12.4262 D,
378.326 282.757 37.9740 12.4262 Richter
418.759 282.757 12.5460 12.4262 A,
434.064 282.757 39.3764 12.4262 Hengge
475.839 282.757 11.2985 12.4262 R.

313.196 297.151 47.4977 12.4262 Cellulose
363.093 297.151 10.5431 12.4262 as
376.035 297.151 12.7021 12.4262 an
391.135 297.151 66.3883 12.4262 architectural
460.282 297.151 41.6091 12.4262 element

313.196 311.544 10.4471 12.4262 in
326.042 311.544 43.5877 12.4262 spatially
372.029 311.544 54.6091 12.4262 structured
429.397 311.664 55.4370 12.2703 Escherichia

313.196 326.057 16.6723 12.2703 coli
332.627 325.937 45.6746 12.4262 biofilms.
381.061 325.937 37.5665 12.4262 Journal
421.386 325.937 10.6018 12.4262 of
435.106 325.937 67.2050 12.4262 Bacteriology.

313.196 340.331 123.829 12.4262 2013;195(24):5540-5554

313.196 370.470 17.3320 10.5623 [11]
332.873 369.117 53.6390 12.4262 Fernandes
388.911 369.117 12.5461 12.4262 A,
403.854 369.117 41.9686 12.4262 Thomas
448.222 369.117 10.8789 12.4262 L,
461.859 369.117 39.2935 12.4262 Altaner
503.612 369.117 11.8025 12.4262 C,

313.196 383.511 36.3549 12.4262 Callow
351.950 383.511 8.9238 12.4262 P,
363.633 383.511 40.0481 12.4262 Forsyth
405.600 383.511 10.1114 12.4262 V,
418.470 383.511 47.7615 12.4262 Apperley
468.629 383.511 12.0917 12.4262 D,
483.480 383.511 9.9074 12.4262 et
496.146 383.511 12.2343 12.4262 al.

313.196 397.904 75.6832 12.4262 Nanostructure
391.279 397.904 10.6032 12.4262 of
405.000 397.904 44.7151 12.4262 cellulose
452.114 397.904 61.2539 12.4262 microfibrils

313.196 412.298 10.4471 12.4262 in
326.042 412.298 34.3278 12.4262 spruce
362.649 412.298 31.7961 12.4262 wood.
397.204 412.298 62.9583 12.4262 Proceedings
462.560 412.298 10.6032 12.4262 of

313.196 426.691 16.7202 12.4262 the
332.316 426.691 44.4633 12.4262 National
379.538 426.691 48.1089 12.4262 Academy
430.045 426.691 10.6032 12.4262 of
443.767 426.691 46.6816 12.4262 Sciences.

313.196 441.084 136.422 12.4262 2011;108(47):E1195-E1203

313.196 471.224 17.7094 10.5623 [12]
333.250 469.871 38.5741 12.4262 Chawla
374.223 469.871 9.6796 12.4262 S,
386.661 469.871 35.0958 12.4262 Kanatt
424.156 469.871 9.6785 12.4262 S,
436.593 469.871 39.7255 12.4262 Sharma
478.717 469.871 12.1622 12.4262 A.

313.196 484.265 49.6807 12.4262 Chitosan.
365.636 484.265 13.5887 12.4262 In:
381.983 484.265 48.5174 12.4262 Ramawat
432.899 484.265 11.9104 12.4262 K,
447.569 484.265 44.5824 12.4262 Mérillon

313.196 498.658 18.4354 12.4262 JM,
334.390 498.658 34.6993 12.4262 ediors.
371.848 498.658 84.6308 12.4262 Polysaccharides.
459.238 498.658 46.9343 12.4262 Springer,

313.196 513.051 34.3760 12.4262 Cham.
350.331 513.051 26.7236 12.4262 2015.
379.813 513.051 16.4322 12.4262 pp.
399.004 513.051 43.9341 12.4262 219-246.
445.696 513.051 57.7290 12.4262 https://doi.

313.196 527.445 180.118 12.4262 org/10.1007/978-3-319-16298-0_13

313.196 557.584 17.5770 10.5623 [13]
333.117 556.231 10.5191 12.4262 Li
346.395 556.231 9.6796 12.4262 S,
358.834 556.231 44.0316 12.4262 Bashline
405.264 556.231 10.8777 12.4262 L,
418.901 556.231 16.2524 12.4262 Lei
437.912 556.231 10.8788 12.4262 L,
451.549 556.231 15.6036 12.4262 Gu
469.072 556.231 9.7753 12.4262 Y.

313.196 570.625 47.4977 12.4262 Cellulose
363.093 570.625 47.9165 12.4262 synthesis
413.408 570.625 19.4671 12.4262 and
435.634 570.625 12.4144 12.4262 its
450.447 570.625 56.6737 12.4262 regulation.

313.196 585.018 13.5896 12.4262 In:
329.185 585.018 20.3307 12.4262 The
351.915 585.018 62.1313 12.4262 Arabidopsis
416.444 585.018 29.8781 12.4262 Book.
448.600 585.018 20.0425 12.4262 Vol.
471.401 585.018 14.7650 12.4262 12.
488.925 585.018 32.3595 12.4262 BiOne

313.196 599.412 83.6717 12.4262 Complete(Open
399.267 599.412 42.8918 12.4262 Access).
444.917 599.412 27.3232 12.4262 2014.
474.999 599.412 9.6303 12.4262 p.
487.388 599.412 32.4806 12.4262 e0169.

313.196 613.805 166.097 12.4262 https://doi.org/10.1199/tab.0169

313.196 643.945 17.9746 10.5623 [14]
333.515 642.592 35.5274 12.4262 Nobles
371.441 642.592 20.7983 12.4262 DR,
394.998 642.592 64.4328 12.4262 Romanovicz
461.830 642.592 21.0262 12.4262 DK,

313.196 656.985 45.4589 12.4262 Malcolm
361.054 656.985 34.4960 12.4262 Brown
397.949 656.985 7.8683 12.4262 R
408.576 656.985 10.5778 12.4262 Jr.
421.912 656.985 47.4976 12.4262 Cellulose
471.809 656.985 10.4471 12.4262 in

313.196 671.378 75.8152 12.4262 cyanobacteria.
391.770 671.378 34.0042 12.4262 Origin
428.173 671.378 10.6032 12.4262 of
441.775 671.378 43.2039 12.4262 vascular
487.438 671.378 26.9022 12.4262 plant

313.196 685.771 44.7149 12.4262 cellulose
360.310 685.771 48.4441 12.4262 synthase.
411.513 685.771 27.2874 12.4262 Plant
441.199 685.771 58.7249 12.4262 Physiology.

313.196 700.164 89.8615 12.4262 2001;127:529-542

313.196 730.304 17.7907 10.5623 [15]
333.413 728.951 55.7740 12.4262 Nakatsubo
391.682 728.951 9.3797 12.4262 F,
403.916 728.951 73.5496 12.4262 Kamitakahara
479.961 728.951 12.9300 12.4262 H,

313.196 743.344 23.8926 12.4262 Hori
339.943 743.344 14.1654 12.4262 M.
356.963 743.344 44.2837 12.4262 Cationic
403.742 743.344 68.4391 12.4262 ring-opening

313.196 757.737 80.2427 12.4262 polymerization
395.934 757.737 10.6510 12.4262 of
409.799 757.737 98.9882 12.4262 3,6-di-O-benzyl-α-

313.197 772.131 50.8204 12.4262 d-glucose
366.512 772.131 102.443 12.4262 1,2,4-Orthopivalate
471.450 772.131 19.5628 12.4262 and
493.867 772.131 16.8162 12.4262 the

313.197 786.524 21.8539 12.4262 first
337.545 786.524 46.5979 12.4262 chemical
386.998 786.524 48.3016 12.4262 synthesis
437.794 786.524 10.6510 12.4262 of
451.660 786.524 48.0973 12.4262 cellulose.

313.197 800.917 37.8545 12.4262 Journal
353.906 800.917 10.6511 12.4262 of
367.772 800.917 16.8162 12.4262 the
387.082 800.917 51.4320 12.4262 American
441.009 800.917 49.3795 12.4262 Chemical

313.197 815.310 40.3736 12.4262 Society.
356.425 815.310 117.758 12.4262 1996;118(7):1677-1681

90.1000 24.9644 38.1171 11.0433 Cellulose

90.1000 848.115 10.6415 9.9986 20

90.1000 67.9269 18.0457 10.5623 [16]
110.490 66.5740 62.9097 12.4262 Zugenmaier
175.860 66.5740 8.5388 12.4262 P.
187.157 66.5740 73.9456 12.4262 Conformation
263.501 66.5740 19.4671 12.4262 and

90.1000 80.9674 40.7206 12.4262 packing
133.579 80.9674 10.6032 12.4262 of
147.181 80.9674 38.4410 12.4262 various
188.020 80.9674 54.1664 12.4262 crystalline
244.586 80.9674 44.7152 12.4262 cellulose

90.1000 95.3608 32.6365 12.4262 fibers.
125.495 95.3608 44.1394 12.4262 Progress
172.033 95.3608 10.4471 12.4262 in
184.878 95.3608 43.4796 12.4262 Polymer
230.816 95.3608 41.9679 12.4262 Science.

90.1000 109.754 95.2114 12.4262 2001;26:1341-1417

90.1000 139.893 17.6586 10.5623 [17]
110.102 138.540 43.4680 12.4262 Gardner
156.029 138.540 21.2181 12.4262 KH,
180.006 138.540 49.5354 12.4262 Blackwell
232.300 138.540 6.4890 12.4262 J.
241.188 138.540 20.3307 12.4262 The

90.0997 152.933 49.1157 12.4262 Structure
141.614 152.933 10.6032 12.4262 of
155.336 152.933 31.8216 12.4262 native
189.556 152.933 50.4472 12.4262 Cellulose.

90.0997 167.327 68.2598 12.4262 Biopolymers.
160.638 167.327 30.9215 12.4262 Wiley
193.958 167.327 35.4661 12.4262 Online
231.823 167.327 41.0207 12.4262 Library.

90.0997 181.720 97.1545 12.4262 1974;13:1975-2001.
190.012 181.720 69.3262 12.4262 http://dx.doi.

90.0997 196.114 167.008 12.4262 org/10.1002/bip.1974.360131005

90.0997 226.253 17.7298 10.5623 [18]
110.174 224.900 37.9502 12.4262 Klemm
150.523 224.900 12.0902 12.4262 D,
165.372 224.900 23.7596 12.4262 Fink
191.650 224.900 38.6580 12.4262 BHH-P,
233.067 224.900 27.5033 12.4262 Bohn
262.969 224.900 12.1622 12.4262 A.

90.0997 239.294 50.1844 12.4262 Cellulose:
143.042 239.294 59.3354 12.4262 Fascinating
205.136 239.294 60.1150 12.4262 biopolymer

90.0997 253.687 19.4668 12.4262 and
112.325 253.687 58.1125 12.4262 sustainable
172.835 253.687 19.4443 12.4262 raw
194.678 253.687 43.0353 12.4262 material
240.472 253.687 37.9980 12.4262 Angew.

90.0997 268.081 65.3926 12.4262 Angewandte
157.891 268.081 40.1692 12.4262 Chemie
200.458 268.081 67.9362 12.4262 International

90.0997 282.474 41.7885 12.4262 Edition.
134.646 282.474 97.9936 12.4262 2005;44:3358-3393

90.0997 312.614 17.4338 10.5623 [19]
109.613 311.261 28.7147 12.4262 Costa
140.414 311.261 12.3902 12.4262 A,
155.252 311.261 43.0121 12.4262 Almeida
200.351 311.261 9.1758 12.4262 F,
211.493 311.261 35.4074 12.4262 Vinhas
248.988 311.261 12.3302 12.4262 G,

90.0997 325.654 42.4721 12.4262 Sarubbo
134.658 325.654 10.3381 12.4262 L.
147.443 325.654 56.7816 12.4262 Production
206.312 325.654 10.4459 12.4262 of
219.565 325.654 43.7431 12.4262 bacterial

90.0997 340.047 43.4676 12.4262 cellulose
135.654 340.047 12.7141 12.4262 by
150.455 340.167 87.6780 12.2703 Gluconacetobacter
241.119 340.167 39.9638 12.2703 hansenii

90.0992 354.441 27.5390 12.4262 using
120.085 354.441 23.1730 12.4262 corn
145.345 354.441 26.3634 12.4262 steep
173.794 354.441 30.3100 12.4262 liquor
206.251 354.441 10.3871 12.4262 as
218.725 354.441 41.8608 12.4262 nutrient

90.0992 368.834 40.3611 12.4262 sources.
132.907 368.834 46.1903 12.4262 Frontiers
181.184 368.834 10.2912 12.4262 in
193.561 368.834 69.9038 12.4262 Microbiology.
265.912 368.834 32.5882 12.4262 2017;8

90.0992 398.974 18.7391 10.5623 [20]
111.182 397.621 17.7757 12.4262 Esa
131.357 397.621 9.3316 12.4262 F,
143.087 397.621 36.5470 12.4262 Tasirin
182.032 397.621 9.6796 12.4262 S,
194.470 397.621 43.6118 12.4262 Rahman
240.481 397.621 12.4742 12.4262 N.

90.0992 412.014 50.8435 12.4262 Overview
143.341 412.014 10.6032 12.4262 of
157.063 412.014 44.9911 12.4262 bacterial
204.813 412.014 44.7151 12.4262 cellulose

90.0992 426.408 57.8715 12.4262 production
150.369 426.408 19.4671 12.4262 and
172.595 426.408 61.3153 12.4262 application.
236.669 426.408 60.1986 12.4262 Agriculture

90.0992 440.801 19.4668 12.4262 and
112.324 440.801 63.6648 12.4262 Agricultural
178.748 440.801 39.0171 12.4262 Science
220.164 440.801 48.4203 12.4262 Procedia.

90.0992 455.195 76.1628 12.4262 2014;2:113-119

90.0993 485.334 17.6072 10.5623 [21]
110.051 483.981 37.7586 12.4262 Fischer
150.268 483.981 9.6796 12.4262 S,
162.347 483.981 55.9531 12.4262 Thümmler
220.759 483.981 11.9104 12.4262 K,
234.948 483.981 38.1066 12.4262 Volkert

90.0993 498.375 10.9869 12.4262 B,
103.844 498.375 43.7553 12.4262 Hettrich
149.999 498.375 11.9104 12.4262 K,
164.668 498.375 43.3942 12.4262 Schmidt
210.461 498.375 7.7244 12.4262 I,
220.944 498.375 37.7574 12.4262 Fischer
261.162 498.375 11.5266 12.4262 K.

90.0993 512.768 53.6859 12.4262 Properties
146.183 512.768 19.4671 12.4262 and
168.409 512.768 62.9106 12.4262 applications
233.719 512.768 10.6032 12.4262 of
247.439 512.768 44.7152 12.4262 cellulose

90.0993 527.161 39.0415 12.4262 acetate.
131.899 527.161 84.9082 12.4262 Macromolecular
219.266 527.161 53.0378 12.4262 Symposia.

90.0993 541.555 97.1905 12.4262 2008;262(1):89-96

90.0993 571.694 17.9844 10.5623 [22]
110.428 570.342 44.0912 12.4262 Murtaza
156.918 570.342 12.1023 12.4262 G.
171.779 570.342 72.1692 12.4262 Ethylcellulose

90.0993 584.735 77.3280 12.4262 microparticles:
170.186 584.735 8.6120 12.4262 A
181.556 584.735 36.7259 12.4262 review.
221.041 584.735 67.9364 12.4262 International

90.0993 599.128 30.7537 12.4262 Jornal
123.611 599.128 10.6029 12.4262 of
137.333 599.128 52.4742 12.4262 Pharmacy
192.206 599.128 19.4671 12.4262 and
214.432 599.128 80.5888 12.4262 Pharmaceutical

90.0993 613.522 46.6821 12.4262 Sciences.
139.540 613.522 87.1973 12.4262 2012;69(1):11-22

90.0992 643.661 18.3107 10.5623 [23]
110.958 642.308 31.2692 12.4262 Luchs
144.866 642.308 6.9929 12.4262 J,
154.857 642.308 47.2096 12.4262 Nelinson
204.706 642.308 12.2105 12.4262 D,
219.915 642.308 28.8597 12.4262 Macy
251.414 642.308 6.6091 12.4262 J.

90.0996 656.702 43.3717 12.4262 Efficacy
136.110 656.702 10.7231 12.4262 of
150.191 656.702 81.2004 12.4262 Hydroxypropyl

90.0996 671.095 45.6744 12.4262 cellulose
138.412 671.095 60.3674 12.4262 ophthalmic
201.418 671.095 35.5885 12.4262 inserts

90.0996 685.489 75.9247 12.4262 (LACRISERT)
169.022 685.489 10.5671 12.4262 in
182.228 685.489 38.4663 12.4262 subsets
223.333 685.489 10.7231 12.4262 of
237.415 685.489 42.2565 12.4262 patients

90.0996 699.882 24.3606 12.4262 with
117.098 699.882 18.3874 12.4262 dry
138.124 699.882 17.5599 12.4262 eye
158.323 699.882 55.7621 12.4262 syndrome:
217.084 699.882 46.1784 12.4262 Findings

90.0996 714.275 26.2439 12.4262 from
118.982 714.275 5.7093 12.4262 a
127.330 714.275 37.4107 12.4262 patient
167.379 714.275 43.3839 12.4262 registry.
213.762 714.275 41.6805 12.4262 Cornea.

90.0996 728.669 118.756 12.4262 2010;29(12):1417-1427

90.0996 758.808 18.2494 10.5623 [24]
110.694 757.456 54.5265 12.4262 McDonald
167.979 757.456 14.5012 12.4262 M,
185.239 757.456 47.0172 12.4262 D’Aversa
234.655 757.456 12.4862 12.4262 G,
249.900 757.456 28.5347 12.4262 Perry

90.0996 771.849 21.3981 12.4262 HD,
113.776 771.849 50.4000 12.4262 Wittpenn
166.574 771.849 15.6167 12.4262 JR,
184.949 771.849 46.3701 12.4262 Nelinson
233.718 771.849 18.2915 12.4262 DS.

90.0996 786.242 59.3963 12.4262 Correlating
152.254 786.242 86.0706 12.4262 patient-reported
241.083 786.242 45.6614 12.4262 response

90.0996 800.636 10.3870 12.4262 to
102.885 800.636 77.0867 12.4262 hydroxypropyl
182.731 800.636 44.7150 12.4262 cellulose
229.843 800.636 59.2881 12.4262 ophthalmic

90.0996 815.029 30.1421 12.4262 insert
122.640 815.029 69.4463 12.4262 (LACRISERT
192.086 812.608 6.8549 8.3256 ®
198.941 815.029 5.2775 12.4262 )
206.977 815.029 40.0254 12.4262 therapy
249.281 815.029 24.0008 12.4262 with

313.196 66.5756 37.2306 12.4262 clinical
353.185 66.5756 52.3914 12.4262 outcomes:
407.974 66.5756 27.6111 12.4262 Tools
437.984 66.5756 15.3167 12.4262 for
455.760 66.5756 53.7106 12.4262 predicting

313.196 80.9690 48.6134 12.4262 response.
364.568 80.9690 41.3198 12.4262 Current
408.287 80.9690 18.6634 12.4262 Eye
429.349 80.9690 49.4167 12.4262 Research.

313.196 95.3624 107.385 12.4262 2010;35(10):880-887

313.196 125.502 18.0460 10.5623 [25]
333.586 124.149 76.6085 12.4262 Sanford-Smith
412.592 124.149 6.4888 12.4262 J.
421.840 124.149 55.3417 12.4262 Glaucoma.
479.940 124.149 13.5897 12.4262 In:
496.288 124.149 18.6632 12.4262 Eye

313.196 138.542 44.0074 12.4262 Diseases
359.602 138.542 10.4471 12.4262 in
372.448 138.542 19.5749 12.4262 Hot
394.421 138.542 48.3613 12.4262 Climates.
445.541 138.542 17.7398 12.4262 4th
465.679 138.542 15.6049 12.4262 ed.
484.043 138.542 29.5900 12.4262 India:

313.196 152.935 45.1110 12.4262 Elsevier;
361.066 152.935 28.0658 12.4262 2003.
391.890 152.935 16.4322 12.4262 pp.
411.081 152.935 40.3731 12.4262 298-315

313.196 185.390 18.4230 10.5623 [26]
333.963 184.037 60.2600 12.4262 Blumenthal
396.982 184.037 12.4982 12.4262 H.
412.239 184.037 20.3305 12.4262 The
434.968 184.037 52.7019 12.4262 Appliance
490.069 184.037 10.6032 12.4262 of

313.196 198.431 39.0173 12.4262 Science
354.612 198.431 45.6736 12.4262 (Melting
403.044 198.431 36.1151 12.4262 Point).
441.918 198.431 67.9363 12.4262 International

313.196 212.824 41.2847 12.4262 Edition:
356.878 212.824 20.3307 12.4262 The
379.608 212.824 52.1880 12.4262 Guardian.
434.555 212.824 29.1824 12.4262 2004.
466.496 212.824 47.9162 12.4262 Available

313.196 227.218 28.5709 12.4262 from:
344.525 227.218 134.792 12.4262 https://www.theguardian.

313.196 241.611 163.134 12.4262 com/lifeandstyle/2004/nov/20/

313.196 256.004 128.111 12.4262 foodanddrink.shopping3

313.196 288.459 18.1375 10.5623 [27]
333.678 287.106 64.9857 12.4262 Matrosovich
401.062 287.106 14.5012 12.4262 M,
418.322 287.106 64.9845 12.4262 Matrosovich
485.346 287.106 9.9794 12.4262 T,

313.196 301.499 36.3071 12.4262 Garten
351.422 301.499 14.9212 12.4262 W,
369.102 301.499 30.8004 12.4262 Klenk
402.421 301.499 21.0142 12.4262 HD.
426.194 301.499 23.8928 12.4262 New
452.486 301.499 68.4763 12.4262 low-viscosity

313.196 315.893 37.5668 12.4262 overlay
353.161 315.893 43.4436 12.4262 medium
399.003 315.893 15.3179 12.4262 for
416.659 315.893 23.7719 12.4262 viral
443.190 315.893 34.3758 12.4262 plaque
479.964 315.893 34.6278 12.4262 assays.

313.196 330.286 45.2309 12.4262 Virology
360.825 330.286 40.7558 12.4262 Journal.
404.340 330.286 66.5934 12.4262 2006;3(1):63

313.196 362.741 18.7084 10.5623 [28]
334.616 361.388 33.0803 12.4262 Lynch
370.526 361.388 14.7171 12.4262 M,
388.434 361.388 49.2611 12.4262 inventor;
440.885 361.388 33.0802 12.4262 Lynch

313.196 375.781 43.8634 12.4262 Maurice
359.889 375.781 41.2964 12.4262 Gerard,
404.376 375.781 47.8814 12.4262 assignee.
455.448 375.781 58.0639 12.4262 Decorative

313.196 390.175 22.4174 12.4262 skin
338.444 390.175 19.8988 12.4262 and
361.533 390.175 21.4940 12.4262 hair
385.918 390.175 52.4383 12.4262 cosmetics
441.187 390.175 57.4771 12.4262 containing

313.196 404.568 87.7875 12.4262 microcrystalline
403.610 404.568 46.4423 12.4262 cellulose
452.679 404.568 10.7590 12.4262 as
466.065 404.568 55.8338 12.4262 enhancing

313.196 418.961 32.5649 12.4262 agent.
348.951 418.961 36.4760 12.4262 United
388.618 418.961 31.3532 12.4262 States
422.802 418.961 34.0992 12.4262 patent
459.732 418.961 60.2840 12.4262 application

313.196 433.355 14.9809 12.4262 US
331.367 433.355 58.7820 12.4262 10/752,173.
393.340 433.355 11.7904 12.4262 12
408.321 433.355 38.3449 12.4262 August
449.497 433.355 26.8798 12.4262 2004

313.196 465.809 18.1578 10.5623 [29]
333.698 464.456 32.0490 12.4262 Saelee
368.146 464.456 11.9104 12.4262 K,
382.336 464.456 77.6150 12.4262 Yingkamhaeng
462.709 464.456 12.8580 12.4262 N,

313.196 478.850 47.4978 12.4262 Nimchua
362.733 478.850 9.9794 12.4262 T,
375.471 478.850 35.2872 12.4262 Sukyai
413.517 478.850 8.5387 12.4262 P.
424.814 478.850 55.0421 12.4262 Extraction

313.196 493.243 19.4668 12.4262 and
335.422 493.243 84.4763 12.4262 characterization
422.295 493.243 10.6032 12.4262 of
436.017 493.243 44.7151 12.4262 cellulose

313.196 507.637 25.8841 12.4262 from
341.479 507.637 52.0199 12.4262 sugarcane
395.897 507.637 39.3896 12.4262 bagasse
437.685 507.637 12.8699 12.4262 by
452.954 507.637 28.1627 12.4262 using

313.196 522.030 76.1646 12.4262 environmental
392.119 522.030 41.8111 12.4262 friendly
436.329 522.030 43.4437 12.4262 method.
482.172 522.030 20.3307 12.4262 The

313.196 536.423 23.1970 12.4262 26th
338.768 536.423 38.2608 12.4262 Annual
379.763 536.423 42.6761 12.4262 Meeting
425.174 536.423 10.6029 12.4262 of
438.872 536.423 16.7202 12.4262 the
457.609 536.423 23.8559 12.4262 Thai
484.200 536.423 38.0460 12.4262 Society

313.196 550.817 15.3168 12.4262 for
330.972 550.817 74.4845 12.4262 Biotechnology
407.855 550.817 19.4671 12.4262 and
430.081 550.817 67.9354 12.4262 International

313.196 565.210 62.8870 12.4262 Conference,
378.482 565.210 24.4686 12.4262 TSB.
405.708 565.210 24.3724 12.4262 2014

313.196 597.665 18.9837 10.5623 [30]
334.525 596.312 25.5479 12.4262 Liew
362.471 596.312 18.8672 12.4262 FK,
384.097 596.312 44.7017 12.4262 Hamdan
431.198 596.312 9.6796 12.4262 S,
443.636 596.312 36.1149 12.4262 Rezaur
482.210 596.312 14.5012 12.4262 M,

313.196 610.705 43.6117 12.4262 Rahman
359.206 610.705 22.6081 12.4262 MR,
384.573 610.705 16.3482 12.4262 Lai
403.680 610.705 24.6845 12.4262 JCH,
431.123 610.705 37.6373 12.4262 Hossen
471.160 610.705 20.2585 12.4262 MF,

313.196 625.099 9.9074 12.4262 et
325.862 625.099 12.2343 12.4262 al.
340.855 625.099 49.0692 12.4262 Synthesis
392.322 625.099 19.4671 12.4262 and
414.548 625.099 84.4763 12.4262 characterization

313.196 639.492 10.6030 12.4262 of
326.918 639.492 44.7152 12.4262 cellulose
374.030 639.492 25.8840 12.4262 from
402.313 639.492 29.0503 12.4262 green
433.762 639.492 42.1603 12.4262 bamboo
478.320 639.492 12.8699 12.4262 by

313.196 653.885 46.2626 12.4262 chemical
362.217 653.885 51.4803 12.4262 treatment
415.975 653.885 24.0008 12.4262 with
442.375 653.885 58.9760 12.4262 mechanical

313.196 668.279 41.3806 12.4262 process.
357.335 668.279 37.5665 12.4262 Journal
397.661 668.279 10.6018 12.4262 of
411.381 668.279 56.9491 12.4262 Chemistry.

313.196 682.672 92.5244 12.4262 2015;2015:212158.
408.479 682.672 6.4650 12.4262 6
417.702 682.672 31.5815 12.4262 pages.
452.043 682.672 69.3262 12.4262 http://dx.doi.

313.196 697.066 126.838 12.4262 org/10.1155/2015/212158

313.196 729.520 17.6787 10.5623 [31]
333.220 728.167 27.2753 12.4262 Johar
362.954 728.167 12.8580 12.4262 N,
378.571 728.167 38.0822 12.4262 Ahmad
419.412 728.167 7.7244 12.4262 I,
429.895 728.167 48.0606 12.4262 Dufresne
480.354 728.167 12.1622 12.4262 A.

313.196 742.561 58.6166 12.4262 Extraction,
374.572 742.561 60.9061 12.4262 preparation
437.877 742.561 19.4671 12.4262 and

313.196 756.954 84.4761 12.4262 characterization
400.070 756.954 10.6032 12.4262 of
413.792 756.954 44.7151 12.4262 cellulose
460.906 756.954 29.6859 12.4262 fibers
492.990 756.954 19.4671 12.4262 and

313.196 771.347 65.6093 12.4262 nanocrystals
381.204 771.347 25.8840 12.4262 from
409.486 771.347 19.3708 12.4262 rice
431.256 771.347 28.1749 12.4262 husk.
462.189 771.347 50.8804 12.4262 Industrial

313.196 785.741 30.8856 12.4262 Crops
346.481 785.741 19.4671 12.4262 and
368.707 785.741 49.0437 12.4262 Products.
420.509 785.741 58.0772 12.4262 2012;37(1):

313.197 800.134 31.7130 12.4262 93-99.
347.669 800.134 127.799 12.4262 https://doi.org/10.1016/j.

313.197 814.528 103.114 12.4262 indcrop.2011.12.016

90.1000 848.115 9.4996 9.9986 21

90.1000 24.9644 13.4397 11.0433 An
106.130 24.9644 32.5905 11.0433 Update
141.311 24.9644 10.8274 11.0433 on
154.730 24.9644 42.7789 11.0433 Overview
200.099 24.9644 8.3445 11.0433 of
211.693 24.9644 41.7871 11.0433 Cellulose,
256.071 24.9644 10.4710 11.0433 Its
269.133 24.9644 40.9326 11.0433 Structure
312.548 24.9644 17.1966 11.0433 and
332.336 24.9644 55.6918 11.0433 Applications

90.1000 38.1582 22.3025 11.0433 DOI:
115.371 38.1582 186.319 11.0433 http://dx.doi.org/10.5772/intechopen.84727

90.1000 67.9274 17.9539 10.5623 [32]
110.398 66.5745 54.1791 12.4262 Madureira
166.976 66.5745 12.5460 12.4262 A,
182.281 66.5745 52.1154 12.4262 Atatoprak
236.555 66.5745 9.9794 12.4262 T,
249.293 66.5745 34.0391 12.4262 Çabuk
285.851 66.5745 12.0902 12.4262 D,

90.1000 80.9679 30.1659 12.4262 Sousa
122.664 80.9679 9.3316 12.4262 F,
134.755 80.9679 31.1843 12.4262 Pullar
168.398 80.9679 11.6824 12.4262 R,
182.839 80.9679 40.2050 12.4262 Pintado
225.443 80.9679 14.1174 12.4262 M.
242.319 80.9679 55.0413 12.4262 Extraction

90.1000 95.3613 19.4668 12.4262 and
112.325 95.3613 83.4329 12.4262 characterisation
198.155 95.3613 10.6032 12.4262 of
211.877 95.3613 44.7152 12.4262 cellulose

90.1000 109.754 65.6093 12.4262 nanocrystals
158.108 109.754 25.8840 12.4262 from
186.389 109.754 51.0840 12.4262 pineapple
239.872 109.754 24.5165 12.4262 peel.

90.1000 124.148 67.9364 12.4262 International
160.795 124.148 37.5665 12.4262 Journal
201.120 124.148 10.6018 12.4262 of
214.840 124.148 26.0157 12.4262 Food
243.615 124.148 40.7087 12.4262 Studies.

90.1000 138.541 64.7579 12.4262 2018;7:24-33

90.1000 168.680 17.5766 10.5623 [33]
109.756 167.327 21.3621 12.4262 Ang
133.205 167.327 20.2705 12.4262 TN,
155.923 167.327 27.4670 12.4262 Ngoh
185.477 167.327 12.3302 12.4262 G,
200.254 167.327 27.1313 12.4262 Chua
229.472 167.327 12.3902 12.4262 A,
244.309 167.327 21.8165 12.4262 Gyu
268.213 167.327 18.0994 12.4262 Lee

90.1000 181.721 13.9615 12.4262 M.
106.412 181.721 58.1729 12.4262 Elucidation
166.576 181.721 10.4473 12.4262 of
179.734 181.721 16.4083 12.4262 the
198.133 181.721 28.8462 12.4262 effect
228.971 181.721 10.4473 12.4262 of
242.129 181.721 25.1522 12.4262 ionic
269.272 181.721 29.5301 12.4262 liquid

90.1000 196.114 66.8927 12.4262 pretreatment
159.079 196.114 13.2058 12.4262 on
174.371 196.114 18.9033 12.4262 rice
195.361 196.114 24.5165 12.4262 husk
221.965 196.114 15.4487 12.4262 via
239.501 196.114 49.9325 12.4262 structural

90.1000 210.508 44.7751 12.4262 analyses.
137.321 210.508 72.6136 12.4262 Biotechnology
212.022 210.508 15.0050 12.4262 for
229.173 210.508 43.5528 12.4262 Biofuels.

90.1000 224.901 48.7448 12.4262 2012;5:67.
141.291 224.901 24.6594 12.4262 DOI:
168.397 224.901 119.895 12.4262 10.1186/1754-6834-5-67

90.1000 255.041 18.7084 10.5623 [34]
111.153 253.688 24.4565 12.4262 Rosa
138.008 253.688 28.0296 12.4262 SML,
168.796 253.688 42.9157 12.4262 Rehman
214.111 253.688 12.8580 12.4262 N,
229.728 253.688 12.3541 12.4262 de

90.1000 268.081 44.3073 12.4262 Miranda
136.806 268.081 27.5631 12.4262 MIG,
167.128 268.081 52.6899 12.4262 Nachtigall
222.576 268.081 28.1389 12.4262 SMB,
253.474 268.081 21.8900 12.4262 Bica

90.1000 282.474 24.0846 12.4262 CID.
116.943 282.474 70.7418 12.4262 Chlorine-free
190.084 282.474 53.3273 12.4262 extraction
245.810 282.474 10.6017 12.4262 of

90.1000 296.868 44.7149 12.4262 cellulose
137.213 296.868 25.8840 12.4262 from
165.495 296.868 19.3708 12.4262 rice
187.264 296.868 24.9844 12.4262 husk
214.768 296.868 19.4671 12.4262 and
236.874 296.868 41.0930 12.4262 whisker

90.1000 311.261 47.7617 12.4262 isolation.
140.620 311.261 71.3173 12.4262 Carbohydrate
214.336 311.261 51.1078 12.4262 Polymers.

90.1000 325.655 112.350 12.4262 2012;87(2):1131-1138.
205.208 325.655 26.0638 12.4262 ISSN
234.031 325.655 55.6524 12.4262 0144-8617.

90.1000 340.048 25.1285 12.4262 DOI:
117.987 340.048 153.537 12.4262 10.1016/j.carbpol.2011.08.084

90.1000 370.188 17.2095 10.5623 [35]
109.185 368.835 36.8949 12.4262 Mettler
147.987 368.835 14.2254 12.4262 M,
164.420 368.835 38.2742 12.4262 Paulsen
204.541 368.835 12.2692 12.4262 A,
218.537 368.835 39.5698 12.4262 Vlachos
259.954 368.835 11.8145 12.4262 D,

90.1000 383.228 60.7144 12.4262 Dauenhauer
152.721 383.228 8.2643 12.4262 P.
163.192 383.228 45.6615 12.4262 Pyrolytic
210.701 383.228 53.9373 12.4262 conversion

90.1000 397.622 10.3272 12.4262 of
102.994 397.622 42.5069 12.4262 cellulose
147.348 397.622 10.1112 12.4262 to
159.306 397.622 26.2906 12.4262 fuels:
187.803 397.622 67.3955 12.4262 Levoglucosan

90.1000 412.015 72.9962 12.4262 deoxygenation
164.823 412.015 15.2077 12.4262 via
181.878 412.015 57.0935 12.4262 elimination
240.819 412.015 18.9152 12.4262 and

90.1000 426.408 53.7818 12.4262 cyclization
145.609 426.408 33.0686 12.4262 within
180.524 426.408 35.3113 12.4262 molten
217.683 426.408 43.2638 12.4262 biomass.
263.153 426.408 35.9701 12.4262 Energy

90.1000 440.802 10.7590 12.4262 &
103.065 440.802 74.5454 12.4262 Environmental
179.818 440.802 40.0357 12.4262 Science.
222.061 440.802 73.5979 12.4262 2012;5(7):7864

90.0994 470.941 18.6473 10.5623 [36]
111.091 469.588 14.7891 12.4262 De
128.279 469.588 25.1283 12.4262 Silva
155.806 469.588 12.0902 12.4262 D,
170.655 469.588 28.8693 12.4262 Olver
201.984 469.588 6.4876 12.4262 J.
211.231 469.588 79.7614 12.4262 Hydroxypropyl

90.0994 483.982 80.9745 12.4262 methylcellulose
173.471 483.982 46.2503 12.4262 (HPMC)
222.480 483.982 47.4366 12.4262 lubricant

90.0994 498.375 49.8726 12.4262 facilitates
142.370 498.375 46.9581 12.4262 insertion
191.727 498.375 10.6017 12.4262 of
205.447 498.375 35.8392 12.4262 porous

90.0994 512.769 46.7907 12.4262 spherical
139.648 512.769 34.5558 12.4262 orbital
176.963 512.769 48.3136 12.4262 implants.
228.035 512.769 61.9737 12.4262 Ophthalmic

90.0994 527.162 34.2321 12.4262 Plastic
126.730 527.162 10.7590 12.4262 &
140.247 527.162 77.5063 12.4262 Reconstructive
220.153 527.162 42.6879 12.4262 Surgery.

90.0994 541.555 100.945 12.4262 2005;21(4):301-302

90.0994 571.695 18.2090 10.5623 [37]
110.652 570.342 59.5162 12.4262 Hollabaugh
172.568 570.342 11.8025 12.4262 C,
187.129 570.342 23.5319 12.4262 Burt
213.060 570.342 10.8789 12.4262 L,
226.217 570.342 32.4448 12.4262 Walsh
261.061 570.342 12.1622 12.4262 A.

90.0994 584.736 128.542 12.4262 Carboxymethylcellulose.
221.400 584.736 23.6047 12.4262 Uses
247.404 584.736 19.4671 12.4262 and

90.0994 599.129 65.8610 12.4262 applications.
158.719 599.129 50.8791 12.4262 Industrial
212.356 599.129 19.4670 12.4262 and
234.582 599.129 63.3547 12.4262 Engineering

90.0994 613.522 56.9493 12.4262 Chemistry.
149.807 613.522 105.694 12.4262 1945;37(10):943-947

90.0994 643.662 18.3312 10.5623 [38]
110.775 642.309 42.9400 12.4262 Dhingra
156.114 642.309 12.0902 12.4262 D,
170.963 642.309 41.0684 12.4262 Michael
214.790 642.309 14.5012 12.4262 M,
232.050 642.309 34.6385 12.4262 Rajput
269.088 642.309 12.8820 12.4262 H,

90.0994 656.702 23.5091 12.4262 Patil
116.367 656.702 11.2987 12.4262 R.
130.424 656.702 39.4484 12.4262 Dietary
172.271 656.702 25.0081 12.4262 fiber
199.739 656.702 10.4471 12.4262 in
212.585 656.702 31.1733 12.4262 foods:
246.517 656.702 8.6120 12.4262 A
257.887 656.702 36.7257 12.4262 review.

90.0994 671.096 37.5665 12.4262 Journal
130.424 671.096 10.6029 12.4262 of
144.146 671.096 26.0145 12.4262 Food
172.919 671.096 39.0173 12.4262 Science
214.335 671.096 19.4671 12.4262 and
236.200 671.096 62.2743 12.4262 Technology.

90.0994 685.489 100.595 12.4262 2011;49(3):255-266

90.0994 715.629 18.2293 10.5623 [39]
110.673 714.276 52.2712 12.4262 Vanhatalo
165.343 714.276 11.5266 12.4262 K.
179.628 714.276 8.6120 12.4262 A
190.999 714.276 21.9854 12.4262 new
215.383 714.276 77.9863 12.4262 manufacturing

90.0994 728.669 38.4301 12.4262 process
130.928 728.669 15.3167 12.4262 for
148.704 728.669 84.5467 12.4262 microcrystalline
235.649 728.669 44.7152 12.4262 cellulose

90.0994 743.062 41.0929 12.4262 (MCC).
133.951 743.062 28.1374 12.4262 Aalto
164.487 743.062 53.9869 12.4262 University
220.873 743.062 59.1081 12.4262 publication

90.0994 757.456 29.1344 12.4262 series
121.632 757.456 47.8095 12.4262 [doctoral
172.200 757.456 74.2204 12.4262 dissertations].
249.180 757.456 23.4011 12.4262 2017

90.0994 787.595 19.3100 10.5623 [40]
111.754 786.242 37.2787 12.4262 George
151.431 786.242 6.8726 12.4262 J,
161.063 786.242 51.1192 12.4262 Sabapathi
214.941 786.242 18.4233 12.4262 NS.
236.123 786.242 47.4977 12.4262 Cellulose

90.0994 800.636 68.2961 12.4262 nanocrystals:
161.154 800.636 52.4023 12.4262 Synthesis,
216.315 800.636 54.0705 12.4262 functional

90.0994 815.029 56.7085 12.4262 properties,
149.566 815.029 19.4669 12.4262 and
171.792 815.029 65.8611 12.4262 applications.

313.196 66.5757 87.6306 12.4262 Nanotechnology,
403.585 66.5757 39.0163 12.4262 Science
445.001 66.5757 19.4671 12.4262 and

313.196 80.9691 68.8117 12.4262 Applications.
384.766 80.9691 48.6848 12.4262 2015;8:45

313.196 111.108 17.9031 10.5623 [41]
333.444 109.755 31.3535 12.4262 Barud
367.556 109.755 12.8820 12.4262 H,
383.197 109.755 25.1269 12.4262 Silva
410.723 109.755 11.6824 12.4262 R,
425.164 109.755 31.3532 12.4262 Barud
459.276 109.755 12.8820 12.4262 H,
474.555 109.755 37.9505 12.4262 Tercjak

313.196 124.149 12.5462 12.4262 A,
328.501 124.149 49.1170 12.4262 Guttierez
380.017 124.149 6.8726 12.4262 J,
389.648 124.149 31.3040 12.4262 Lustri
423.231 124.149 14.9212 12.4262 W,
440.911 124.149 9.9074 12.4262 et
453.577 124.149 12.2343 12.4262 al.
468.570 124.149 8.6120 12.4262 A

313.196 138.542 70.3353 12.4262 multipurpose
385.929 138.542 37.5302 12.4262 natural
426.218 138.542 19.4670 12.4262 and
448.444 138.542 53.3386 12.4262 renewable

313.196 152.936 43.5875 12.4262 polymer
359.243 152.936 10.4471 12.4262 in
372.089 152.936 40.7797 12.4262 medical
415.627 152.936 65.5972 12.4262 applications:

313.196 167.329 45.5550 12.4262 Bacterial
361.510 167.329 47.6644 12.4262 cellulose.
411.933 167.329 71.3184 12.4262 Carbohydrate

313.196 181.722 51.1079 12.4262 Polymers.
367.063 181.722 95.1522 12.4262 2018;153:406-420.
464.973 181.722 25.1284 12.4262 DOI:

313.196 196.116 153.010 12.4262 10.1016/j.carbpol.2016.07.059.

313.196 226.255 18.3824 10.5623 [42]
333.923 224.902 22.5855 12.4262 Jorfi
359.267 224.902 14.5012 12.4262 M,
376.527 224.902 32.1797 12.4262 Foster
411.167 224.902 10.7216 12.4262 E.
424.647 224.902 35.2994 12.4262 Recent
462.345 224.902 46.9456 12.4262 advances

313.196 239.296 10.4471 12.4262 in
326.042 239.296 70.7428 12.4262 nanocellulose
399.183 239.296 15.3167 12.4262 for
416.958 239.296 57.3092 12.4262 biomedical

313.196 253.689 65.8609 12.4262 applications.
381.816 253.689 37.5653 12.4262 Journal
422.140 253.689 10.6029 12.4262 of
435.861 253.689 41.3447 12.4262 Applied

313.196 268.083 43.4797 12.4262 Polymer
359.135 268.083 41.9679 12.4262 Science.
403.861 268.083 62.6228 12.4262 2014;132:19.
469.243 268.083 25.1284 12.4262 DOI:

313.196 282.476 95.0423 12.4262 10.1002/app.41719

313.196 312.616 18.2496 10.5623 [43]
333.790 311.263 80.2308 12.4262 Kucińska-Lipka
416.420 311.263 6.8726 12.4262 J,
426.051 311.263 51.9229 12.4262 Gubanska
480.373 311.263 7.7244 12.4262 I,

313.196 325.656 26.2078 12.4262 Janik
341.923 325.656 12.4982 12.4262 H.
357.179 325.656 45.5538 12.4262 Bacterial
405.492 325.656 44.7151 12.4262 cellulose
452.606 325.656 10.4471 12.4262 in
465.452 325.656 16.7200 12.4262 the
484.571 325.656 23.5812 12.4262 field

313.196 340.050 10.6030 12.4262 of
326.798 340.050 36.0074 12.4262 wound
365.564 340.050 38.0450 12.4262 healing
406.367 340.050 19.4670 12.4262 and
428.593 340.050 64.0381 12.4262 regenerative

313.196 354.443 47.8216 12.4262 medicine
363.417 354.443 10.6032 12.4262 of
377.138 354.443 24.4554 12.4262 skin:
404.353 354.443 35.2995 12.4262 Recent
442.051 354.443 33.0804 12.4262 trends
477.530 354.443 19.4671 12.4262 and

313.196 368.836 32.8283 12.4262 future
348.423 368.836 62.9577 12.4262 prospective.
414.140 368.836 43.4796 12.4262 Polymer
460.078 368.836 44.4393 12.4262 Bulletin.

313.196 383.230 113.850 12.4262 2015;72(9):2399-2419.
429.804 383.230 57.7290 12.4262 https://doi.

313.196 397.623 163.278 12.4262 org/10.1007/s00289-015-1407-3

313.196 427.763 19.3403 10.5623 [44]
334.881 426.410 54.8261 12.4262 Courtenay
392.105 426.410 6.8726 12.4262 J,
401.736 426.410 28.3908 12.4262 Johns
432.526 426.410 14.5012 12.4262 M,
449.785 426.410 58.1606 12.4262 Galembeck

313.196 440.803 9.3317 12.4262 F,
325.286 440.803 39.2695 12.4262 Deneke
366.955 440.803 11.8025 12.4262 C,
381.516 440.803 42.4832 12.4262 Lanzoni
426.758 440.803 11.1068 12.4262 E,
440.624 440.803 29.3371 12.4262 Costa
472.360 440.803 11.8025 12.4262 C,
486.921 440.803 9.9074 12.4262 et
499.587 440.803 12.2343 12.4262 al.

313.196 455.196 38.9095 12.4262 Surface
354.505 455.196 47.2462 12.4262 modified
404.510 455.196 44.7139 12.4262 cellulose
451.622 455.196 45.9145 12.4262 scaffolds

313.196 469.590 15.3168 12.4262 for
330.972 469.590 29.6141 12.4262 tissue
362.985 469.590 64.6139 12.4262 engineering.
430.358 469.590 50.4469 12.4262 Cellulose.

313.196 483.983 99.1802 12.4262 2016;24(1):253-267

313.196 514.123 18.2393 10.5623 [45]
333.780 512.770 63.5105 12.4262 Modulevsky
399.689 512.770 15.9886 12.4262 DJ,
418.437 512.770 44.1146 12.4262 Cuerrier
465.010 512.770 22.7294 12.4262 CM,

313.196 527.163 35.4554 12.4262 Pelling
351.410 527.163 19.3336 12.4262 AE.
373.502 527.163 86.6236 12.4262 Biocompatibility
462.524 527.163 10.6032 12.4262 of

313.196 541.557 80.6737 12.4262 subcutaneously
396.143 541.557 52.8350 12.4262 implanted
451.610 541.557 70.2873 12.4262 plant-derived

313.196 555.950 44.7149 12.4262 cellulose
360.310 555.950 67.3475 12.4262 biomaterials.
430.416 555.950 26.8315 12.4262 PLoS
460.006 555.950 24.6367 12.4262 One.

313.196 570.343 109.448 12.4262 2016;11(6):e0157894.
425.402 570.343 25.1281 12.4262 DOI:
453.289 570.343 42.4950 12.4262 10.1371/

313.196 584.737 112.374 12.4262 journal.pone.0157894

313.196 614.876 19.1980 10.5623 [46]
334.738 613.523 35.7068 12.4262 Trache
372.844 613.523 12.0902 12.4262 D,
387.693 613.523 35.8754 12.4262 Hussin
425.967 613.523 14.5012 12.4262 M,
443.227 613.523 19.2750 12.4262 Hui
465.261 613.523 32.3369 12.4262 Chuin

313.196 627.917 11.8025 12.4262 C,
327.757 627.917 29.1945 12.4262 Sabar
359.410 627.917 9.6796 12.4262 S,
371.849 627.917 31.3043 12.4262 Fazita
405.552 627.917 14.5012 12.4262 M,
422.452 627.917 31.6771 12.4262 Taiwo
456.528 627.917 12.1503 12.4262 O,
471.437 627.917 9.9074 12.4262 et
484.104 627.917 12.2343 12.4262 al.

313.196 642.310 85.0761 12.4262 Microcrystalline
400.671 642.310 47.4007 12.4262 cellulose:
450.831 642.310 48.6494 12.4262 Isolation,

313.196 656.704 84.4761 12.4262 characterization
400.070 656.704 19.4671 12.4262 and
422.295 656.704 79.1032 12.4262 bio-composites

313.196 671.097 78.7310 12.4262 application—A
394.686 671.097 36.7257 12.4262 review.
434.170 671.097 67.9363 12.4262 International

313.196 685.490 37.5665 12.4262 Journal
353.521 685.490 10.6029 12.4262 of
367.243 685.490 50.8792 12.4262 Biological
420.881 685.490 87.7027 12.4262 Macromolecules.

313.196 699.884 85.6638 12.4262 2016;93:789-804

313.196 730.023 18.3313 10.5623 [47]
333.872 728.670 61.5915 12.4262 Nascimento
397.862 728.670 8.9238 12.4262 P,
409.545 728.670 35.3462 12.4262 Marim
447.290 728.670 11.6824 12.4262 R,
461.731 728.670 47.7616 12.4262 Carvalho

313.196 743.064 12.4862 12.4262 G,
328.441 743.064 23.4251 12.4262 Mali
354.625 743.064 9.2956 12.4262 S.
366.679 743.064 72.5288 12.4262 Nanocellulose
441.607 743.064 49.2966 12.4262 Produced

313.196 757.457 25.8841 12.4262 from
341.479 757.457 22.4403 12.4262 Rice
366.319 757.457 25.1643 12.4262 hulls
393.882 757.457 19.4671 12.4262 and
416.108 757.457 12.4144 12.4262 its
430.921 757.457 29.6260 12.4262 effect
462.946 757.457 13.3618 12.4262 on
478.706 757.457 16.7200 12.4262 the

313.196 771.850 53.3742 12.4262 properties
368.957 771.850 10.6031 12.4262 of
382.667 771.850 73.4405 12.4262 biodegradable
458.495 771.850 31.6891 12.4262 starch
492.571 771.850 29.3261 12.4262 films.

313.196 786.244 48.3977 12.4262 Materials
363.992 786.244 49.4168 12.4262 Research.
416.168 786.244 58.5676 12.4262 2016;19(1):

313.195 800.637 42.3404 12.4262 167-174.
358.294 800.637 25.1272 12.4262 DOI:
386.180 800.637 123.960 12.4262 10.1590/1980-5373-MR-

313.195 815.031 53.9626 12.4262 2015-0423
369.917 815.031 32.4210 12.4262 [Epub
404.736 815.031 18.7578 12.4262 Feb
425.893 815.031 15.1487 12.4262 12,
443.800 815.031 29.1343 12.4262 2016]
